2237 3100
481 234 569 269 1022
1077 240 1223 266 BULLARH
1247 241 1365 266 nomm

525 297 648 340 gentias
669 301 699 330 et
724 289 971 331 confessionale,
1000 295 1078 327 ibid.
1102 300 1133 328 ct
1155 306 1218 339 seq.
1253 294 1398 328 Sodalitii
1433 299 1598 338 protector
1614 299 1645 327 et
1679 294 1774 328 iudex
1808 296 1993 329 facultatem

526 350 619 383 babet
634 359 857 393 quascumque
879 359 1008 380 caussas
1028 349 1173 381 eiusdem
1195 348 1323 380 lucrum
1335 353 1569 381 concernentes
1585 347 1802 390 cognoscendi
1822 353 1853 381 et
1867 349 1907 381 ab
1923 349 1994 382 aliis

526 404 690 436 iudicibus
711 402 945 441 reassumendi,
963 401 1023 434 901
1053 403 1089 441 b:
1114 402 1147 434 iu
1168 402 1264 436 Curia
1285 407 1315 435 et
1343 408 1431 434 extra
1451 401 1642 441 inhibendi,
1665 412 1792 434 necnon
1818 403 1994 436 summarie

526 456 722 501 procedendi
744 455 878 497 singulis
899 455 1014 488 diebus
1034 460 1063 488 et
1091 455 1191 495 horis,
1215 461 1443 499 praeterquam
1465 455 1496 488 in
1516 455 1676 489 honorem
1696 455 1751 488 Dei
1772 455 1905 495 seriatis,
1928 455 1993 489 902

528 512 545 542 b
566 516 594 543 et
616 520 697 552 serp:
714 508 904 542 tabelliones
924 508 1115 552 deputandi,
1136 509 1176 541 ab
1197 509 1349 542 omnibus
1375 509 1585 541 mandatariis
1609 513 1640 541 et
1660 508 1887 542 executoribus
1915 508 1993 542 obe-

537 563 691 595 dientiam
715 561 878 604 exigendi,
900 560 965 594 903
979 572 1011 594 a.
1033 562 1180 594 Aliorum
1202 561 1348 594 iudicum
1369 561 1548 595 sententiae
1566 567 1745 602 cassantur,
1767 561 1847 594 ibid.

1196 775 1235 816 U

438 927 657 960 Urbinateusis
682 927 818 959 eeclesia
840 926 872 958 in
893 926 1175 969 metropolitanam
1197 925 1332 968 erigitur
1352 937 1369 959 a
1390 926 1445 959 Pio
1467 926 1514 967 lV,
1546 925 1611 960 0253
1639 938 1678 968 a;
1705 933 1735 961 et
1773 928 1801 961 ei
1836 928 1993 971 suffraga-

526 991 593 1013 neae
614 980 830 1022 assignantur,
855 980 933 1013 ibid.
948 980 977 1012 b.
999 979 1061 1012 Dos
1082 979 1229 1023 capituli,
1247 980 1325 1012 ibid.

438 1032 552 1066 Ursina
573 1031 694 1064 familia
714 1032 795 1065 bene
817 1032 854 1065 dc
872 1032 1056 1076 Apostolica
1076 1032 1157 1065 Sede
1180 1032 1406 1073 11101·i1a‚t33a.
1429 1032 1505 1065 Pius
1517 1032 1553 1065 lv
1571 1032 1786 1066 Brachianum
1800 1033 1995 1068 inducatum

526 1086 619 1129 erigit
640 1086 746 1118 favore
767 1086 857 1119 Pauli
878 1085 1005 1118 Iordani
1027 1086 1133 1118 Ursini
1154 1086 1290 1129 eiusque
1310 1096 1548 1126 successorum,
1565 1086 1644 1119 ibid.
1674 1087 1704 1119 b.

439 1138 574 1172 Ursinus
593 1138 728 1172 Flavius.
763 1139 797 1171 V.
820 1138 1041 1172 Auditoratus.

440 1511 604 1544 Valentiua
624 1512 765 1555 synodus
785 1511 1033 1555 provincialisin
1044 1511 1299 1554 Congregatione
1310 1512 1909 1556 Conciliiexpenditurelemendatur‚
1928 1512 1988 1547 631

528 1565 545 1596 b
565 1570 676 1607 etseq.
706 1565 937 1598 Pronvincialis
963 1565 1105 1609 synodus
1134 1576 1198 1597 non
1219 1566 1313 1599 debet
1339 1570 1454 1599 sancta
1485 1566 1653 1609 appellari,
1676 1565 1740 1599 63⁹2
1767 1578 1799 1599 α.
1835 1566 1994 1600 Professio

530 1618 604 1651 tidei
626 1617 657 1650 in
678 1629 715 1651 ea
736 1619 910 1651 emittenda
940 1618 1027 1651 iuxta
1050 1618 1095 1651 Pii
1116 1619 1152 1651 lv
1173 1619 1474 1663 praescriptionem,
1495 1620 1573 1652 ibid.
1598 1620 1704 1653 Poena
1725 1619 1859 1653 medicis
1888 1619 1995 1652 iniun-

527 1672 642 1713 genda,
667 1671 722 1715 qui
743 1678 891 1715 aegrotos
911 1682 975 1705 nou
997 1678 1126 1704 monent
1150 1677 1184 1704 ut
1205 1673 1385 1715 paroc-lium
1407 1679 1590 1709 accersant,
1615 1673 1695 1705 ibid.
1714 1672 1995 1706 b.Matrimonium

527 1725 628 1758 libere
649 1725 920 1765 contrabendum,
941 1726 1021 1758 ibid.
1039 1725 1201 1758 Nonnulla
1221 1725 1283 1758 alia
1303 1726 1408 1759 dictae
1429 1726 1542 1770 synodi
1563 1726 1706 1766 decreta,
1723 1726 1801 1759 ibid.
1825 1732 1856 1759 et
1874 1737 1938 1770 seq.

440 1777 612 1821 Vectigalia
633 1778 726 1810 Urbis
756 1778 844 1811 valde
867 1778 1057 1818 imminuta,
1080 1790 1154 1811 cum
1176 1789 1292 1822 magno
1323 1779 1477 1812 Gamerae
1498 1779 1701 1823 Apostolicae
1720 1779 1934 1820 detrimento,
1955 1779 1996 1813 ob

532 1832 720 1865 innumeras
749 1832 970 1875 exemptiones
1004 1844 1021 1865 a
1050 1833 1200 1876 pluribus
1231 1832 1444 1866 Pontificibus
1473 1844 1663 1873 concessas,
1691 1832 1755 1866 2402
1785 1844 1833 1872 a,·
1857 1843 1995 1877 quarum

531 1886 716 1929 complures
745 1891 938 1919 revocantur
958 1897 975 1918 a
1003 1886 1059 1919 Pio
1088 1887 1136 1926 lV,
1169 1887 1248 1919 ibid.
1272 1888 1300 1919 b.
1325 1886 1504 1919 Declaratio
1534 1897 1633 1930 super
1654 1887 1851 1930 praemissiS‚
1873 1887 1938 1921 ⁶243
1962 1899 1994 1920 a.

441 1939 652 1983 Venayssinus
687 1939 860 1972 comitatus
882 1940 983 1972 multa
1005 1940 1126 1983 patitur
1141 1951 1159 1972 a
1178 1940 1299 1973 Calviui
1320 1939 1544 1979 sectatoribus,
1557 1940 1653 1983 vulgo
1668 1940 1870 1983 Huquenots,
1885 1940 1952 1974 4⁶24
1963 1952 1998 1980 a;

528 1993 682 2025 alimenta
716 1998 889 2035 ceteraque
922 1993 1104 2026 neccssaria
1138 1993 1324 2037 suppeditat
1348 1993 1504 2026 exercitui
1529 1993 1714 2036 pontificio,
1746 1994 1825 2026 ibid.
1857 1994 1886 2026 b.
1914 1993 1997 2027 Hine

531 2045 606 2078 Pius
626 2045 662 2078 IV
682 2046 823 2078 declarat
845 2046 1035 2078 comitatum
1055 2046 1191 2089 eiusque
1222 2052 1322 2079 terras
1343 2052 1374 2079 et
1403 2052 1507 2079 castra
1533 2047 1615 2079 nulli
1637 2057 1728 2090 posse
1749 2047 1819 2090 lege
1849 2046 1995 2089 vectigali

532 2098 693 2138 adtribui,
717 2099 816 2132 locari
836 2100 884 2132 vel
915 2099 978 2132 alio
999 2100 1095 2133 modo
1119 2111 1135 2132 a
1159 2100 1190 2132 S.
1214 2100 1249 2133 R.
1272 2100 1416 2134 Ecclesia
1436 2099 1594 2140 alienari,
1622 2100 1678 2133 sed
1704 2100 1829 2133 litteras
1866 2104 1997 2143 aposto-

531 2152 608 2185 licas
638 2152 779 2196 desuper
812 2163 877 2185 non
911 2153 1064 2196 expedit,
1099 2153 1178 2186 ibid.
1213 2159 1241 2186 et
1272 2164 1334 2197 seq.
1369 2153 1444 2186 Pius
1469 2153 1491 2184 V
1525 2153 1612 2186 hunc
1643 2153 1995 2197 desectumrsuppleh

530 2205 595 2238 426
616 2205 644 2238 b.

441 2257 646 2290 Venetiarum
667 2258 788 2291 nuncio
809 2258 983 2291 mandatur
1004 2265 1039 2292 ut
1068 2259 1101 2291 in
1135 2259 1288 2292 omnibus
1313 2259 1553 2292 cathedralibus
1573 2258 1719 2292 eiusdem
1745 2258 1882 2292 dominii
1903 2269 1998 2302 prae-

530 2311 669 2343 bendam
690 2311 908 2355 theologalcm
929 2311 1043 2354 erigat,
1066 2312 1130 2346 658
1150 2323 1181 2345 α.
1205 2312 1357 2346 Eiusdem
1378 2312 1512 2345 facultas
1532 2312 1566 2344 in
1587 2311 1857 2354 contradictores,
1879 2312 1949 2346 ibid
1966 2312 1996 2345 b.

443 2362 571 2395 viarum
591 2364 750 2406 magistri.
770 2364 804 2396 V.
834 2364 1051 2398 Camerarius.

442 2415 642 2449 Yicariarum
664 2417 817 2450 undecim
836 2424 1068 2461 perpetuarum
1085 2420 1245 2453 institutio
1266 2420 1297 2452 in
1311 2420 1414 2453 almae
1427 2418 1521 2452 Urbis
1541 2418 1684 2452 basilicis
1703 2424 1734 2451 et
1753 2417 1911 2459 ecclesiis,
1933 2417 1998 2452 948

532 2480 562 2501 a.
585 2470 774 2503 Portionum
796 2471 969 2513 assignatio
990 2483 1050 2516 pro
1071 2473 1210 2513 vicariis⁷
1235 2474 1312 2506 ibid.
1334 2474 1362 2506 b.

444 2522 558 2555 Vicarii
579 2523 728 2567 perpetui
750 2524 987 2566 parochialium
1005 2526 1230 2566 ecclesiarum,
1248 2537 1331 2569 quae
1348 2525 1553 2559 monasteriis
1567 2525 1616 2558 vel
1630 2525 1701 2558 aliis
1718 2524 1780 2569 piis
1790 2524 1871 2558 locis
1887 2523 1997 2556 unitae

532 2581 617 2615 sunt,
641 2576 718 2618 quid
740 2578 777 2609 de
800 2578 980 2611 redditibus
993 2579 1188 2622 percipiant,
1211 2579 1274 2613 628
1295 2581 1311 2612 b
1337 2585 1368 2612 et
1390 2590 1452 2623 seq.
1475 2578 1727 2612 Mendicantium
1742 2577 1875 2611 facultas
1889 2576 1996 2619 quoad

533 2628 668 2662 vicarias
689 2640 803 2663 eorum
825 2631 904 2664 locis
924 2631 1042 2672 unitas,
1063 2632 1126 2666 6029
1148 2633 1176 2665 b.
