2237 3100
260 306 307 332 An.
325 305 355 332 c.
376 304 442 331 1562
501 293 564 328 196

283 357 561 391 Absolutioneatlel)ile
585 355 759 400 perceptis,
793 354 916 387 ratione
945 351 1131 385 intrusionis
1149 352 1204 384 be-

256 403 589 461 {2¹1¹9'¹{‚¹‡¹m¹p¹¹,{¹⁰11efici‹i,
626 410 673 442 rel
711 410 752 442 ob
785 419 849 441 non
878 406 1116 451 promotionem
1150 410 1202 438 aut

456 464 554 496 alium
576 463 657 496 tituli
679 463 850 500 defectum,
874 460 968 493 etiam
990 459 1021 491 in
1041 459 1110 491 foro
1129 469 1205 492 con-

457 517 619 557 scientiae,
642 516 702 549 nisi
717 516 798 548 facta
818 513 1018 547 restitutione
1038 512 1203 546 fructuum

456 570 652 604 huiusmodi.

500 626 514 667 ξ
534 624 587 657 io.
614 624 676 656 Nec
698 622 791 655 etiam
813 620 1030 654 absolutiones
1051 619 1205 653 concedat

257 715 261 718 ,
292 682 440 718 &furvamque
457 688 515 720 pro
536 682 689 720 usurpata
716 674 937 708 iurisdictione
964 674 1012 707 vel
1036 673 1151 706 violata
1170 673 1205 706 li-

257 713 441 768 ¹⁵¹}{Ltiss1'⁸⁰“¹⁹‘
456 731 575 764 bertate
597 729 826 768 ecclesiastica,
855 728 949 761 etiam
974 727 1007 760 in
1033 727 1102 760 foro
1132 737 1205 760 con-

456 784 626 824 scientiae,
657 784 717 817 nisi
752 794 825 817 cum
855 782 999 815 clausula
1029 781 1204 823 Salisfacto

452 839 545 881 prius
564 839 600 871 de
620 838 750 871 [1111111115
767 841 796 870 et
816 837 962 880 carpensis
978 837 1070 879 parti
1090 836 1202 869 laesae.

501 892 589 935 §⁹21.
620 892 729 936 Neque
760 891 926 923 facultates
958 889 1095 923 testandi
1120 889 1205 922 iuxta

284 957 389 978 facultate
409 960 442 979 ιε-
457 945 593 979 formam
613 945 776 990 quinterni
806 944 1011 988 simpliciter,
1047 943 1100 976 sed
1131 954 1205 976 cum

257 990 334 1015 ⁵¹³¹¹⁶³'
457 1000 620 1039 clausula,
646 999 824 1032 Dummodo
845 1009 910 1030 non
928 1008 1027 1040 supra
1045 1007 1205 1029 summam

456 1058 579 1087 centum
602 1055 801 1092 ducatorum,
822 1053 918 1086 etiam
934 1052 1058 1094 adpias
1078 1062 1203 1089 causus,

455 1119 491 1140 ac
512 1119 572 1151 pro
596 1107 816 1140 servientibus.
844 1105 1010 1148 Religiosis
1028 1115 1103 1138 vero
1120 1109 1206 1138 extra

455 1162 654 1201 claustrum,
694 1160 789 1193 etiam
824 1170 899 1193 eum
931 1158 1108 1202 apostolica
1141 1158 1205 1190 dis-

455 1202 642 1258 pensatione
663 1214 861 1258 degentibus,
886 1213 1052 1246 facultates
1071 1210 1206 1245 testandi

456 1268 546 1301 nullo
568 1268 662 1301 modo
684 1268 914 1301 concedantur.

500 1323 515 1365 g
539 1322 591 1354 22.
615 1322 650 1354 Et
681 1321 813 1365 insuper
839 1330 905 1353 non
926 1319 1095 1353 confirmet.
1120 1324 1206 1365 gesta

279 1390 441 1411 confirmatione
456 1385 514 1419 per
540 1375 721 1408 ordinarios
757 1380 810 1407 aut
839 1374 918 1406 alios
945 1372 1112 1405 inferiores
1144 1372 1207 1405 illis

258 1426 375 1477 ξξῇξξζζξξξ
417 1421 441 1441 ““’
456 1430 495 1462 116
515 1428 585 1462 iure
605 1428 770 1462 communi
786 1438 850 1461 non
871 1433 1036 1467 concessa,
1058 1437 1117 1459 nec
1134 1437 1207 1470 sup-

456 1484 540 1527 pleat
567 1493 679 1516 eorum
701 1482 854 1515 defectus.

501 1537 514 1580 ξ
534 1536 588 1569 23.
612 1536 713 1568 Minus
733 1535 828 1568 etiam
849 1534 1011 1578 dispenset
1037 1543 1134 1576 super
1157 1543 1207 1565 ae-

457 1596 517 1624 tate
548 1589 841 1633 promovendorum
869 1588 908 1620 ad
943 1598 1051 1620 sacros
1080 1586 1208 1619 ordines

457 1645 494 1677 de
523 1645 593 1677 iure
626 1643 790 1687 requisita,
825 1652 884 1675 nec
911 1646 1039 1684 tempus
1059 1639 1209 1684 praefatis

457 1699 494 1731 ad
519 1709 637 1731 munus
657 1695 909 1730 consecrationis
929 1694 1171 1737 suscipiendum
1191 1704 1209 1725 a

458 1751 526 1785 iure
548 1757 702 1785 statutum
728 1751 811 1783 ultra
837 1755 900 1782 tres
920 1758 1063 1788 menses,
1095 1752 1122 1780 et
1143 1752 1208 1780 ter-

459 1805 582 1838 minum
603 1804 677 1838 anni
698 1804 878 1838 rectoribus
899 1801 1134 1847 parochialium
1156 1811 1208 1833 ee-

458 1859 628 1892 clesiarum
659 1864 687 1892 et
716 1858 785 1891 aliis
812 1856 987 1901 quibusvis,
1017 1855 1055 1887 ad
1082 1865 1207 1894 sacros,

457 1912 552 1946 etiam
569 1912 817 1957 presbyteratus,
829 1911 958 1944 ordines
974 1908 1207 1953 suscipiendos,

458 1978 475 1999 a
503 1966 572 1999 iure
603 1971 657 1999 aut
689 1966 721 1998 in
754 1965 941 1998 fundatione
975 1962 1210 1996 beneficiorum

459 2020 701 2063 quomodolibet
727 2019 975 2053 constitutorum
1005 2022 1092 2050 extra
1119 2027 1211 2049 casus

459 2084 476 2106 a
488 2073 557 2107 11116
569 2073 754 2117 permissos,
777 2073 859 2106 ultra
871 2083 924 2106 sex
934 2082 1060 2104 menses
1080 2070 1211 2103 minime

461 2138 638 2172 prorogare
657 2127 769 2160 valeat.

506 2181 520 2225 ξ
536 2180 589 2214 24.
608 2181 643 2213 Et
659 2181 742 2214 ultra
755 2180 930 2225 praemissa
945 2178 1101 2211 abstineat
1117 2177 1211 2210 etiam

304 2235 502 2277 p00„;,0„,ia-ab
536 2234 791 2278 expeditionibus
823 2234 1094 2278 quibuscumque,
1130 2241 1212 2274 quae

267 2288 450 2339 [}=*¹¹jj¹¹:ju‘³¹⁰e¹¹‡j
464 2288 523 2321 sibi
548 2299 606 2331 per
637 2288 744 2321 literas
778 2297 909 2321 suarum
942 2286 1129 2319 facultatum
1160 2295 1212 2317 ex-

267 2352 335 2371 cedat.
364 2338 367 2339 ⁷
466 2353 573 2386 presse
588 2352 653 2375 non
669 2342 905 2380 conceduntur,
927 2339 986 2372 nisi
997 2339 1074 2371 alias
1090 2339 1127 2371 de
1144 2338 1213 2370 iure

466 2396 630 2429 communi
656 2396 688 2428 in
715 2395 859 2435 casibus,
891 2395 929 2427 de
949 2393 1067 2436 quibus
1089 2397 1212 2434 agetur,

466 2449 629 2483 ‹n‘dinario
645 2459 814 2483 concessae
831 2447 1044 2492 reperiantur.
1067 2446 1131 2478 Nec
1153 2446 1215 2478 suf-

467 2500 608 2540 fragetur
649 2503 829 2542 practextus
876 2495 1117 2530 consuetudinis
1160 2505 1215 2527 seu

467 2548 550 2591 styli,
569 2547 724 2590 autquasi
742 2545 951 2590 possessionis
966 2544 1067 2587 ipsius
1087 2542 1216 2576 maioris

468 2596 705 2639 poenitentiarii
726 2602 756 2627 et
776 2595 1061 2639 praedecessorum
1083 2603 1215 2624 suorum

469 2645 501 2677 in
527 2645 684 2678 similibus
711 2643 940 2683 concedendis,
968 2642 1064 2675 etiam
1092 2642 1118 2674 si
1139 2652 1216 2674 con-

467 2694 603 2728 suetudo
641 2700 695 2727 aut
724 2694 821 2738 stylus
855 2693 902 2726 vel
932 2691 1022 2736 quasi
1056 2691 1216 2734 possessio

285 1604 440 1631 Dispensation.

258 1641 321 1663 super
338 1638 415 1656 aetate.

1051 296 1229 323 Bt‘LLARImt
1253 294 1402 320 ROMANmt

2011 294 2060 321 An.
2077 294 2107 322 C.
2126 295 2194 323 ¹562

1246 348 1432 382 huiusmodi
1452 359 1510 393 per
1529 348 1636 382 literas
1655 348 1843 384 facultatum
1863 360 1995 384 suarum

1245 403 1437 446 generaliter
1457 403 1633 447 approbata
1652 404 1868 448 reperiantur.

1290 457 1304 499 g
1325 455 1376 490 25.
1406 456 1561 490 Volumus
1592 457 1724 501 insuper
1743 459 1829 501 quod
1850 459 1993 492 officium
2022 471 2076 493 sme
2096 476 2193 497 vacante.
2228 467 2237 495 ‘A

2224 435 2237 464 .*-
2223 355 2237 419 §1:2-
2223 291 2237 343 ιδιά
2223 247 2237 263 ,ί

1246 520 1354 542 sacrae
1392 510 1670 552 Poenitentiariae,
1698 511 1778 545 Sede
1809 504 2118 556 Apostolica¹³⁰²¹¹⁵'⁸¹¹·
2148 503 2195 524 ⁰²⁵·
2229 506 2237 529 ἶ

2010 536 2063 556 cium
2081 538 2149 560 vacat,
2168 536 2190 556 in

1245 569 1387 605 vacante,
1411 564 1443 597 in
1464 565 1613 598 omnibus
1632 571 1662 598 et
1677 565 1829 609 singulis,
1851 577 1934 610 quae
1954 567 1994 600 ad
2009 567 2105 594 ffi⁵⁴¹¹¹³⁰
2120 567 2146 587 ³²⁶
2159 565 2193 587 ¹⁰-
2232 582 2237 587 =

2009 604 2054 619 rum
2064 597 2112 618 tori.

1246 617 1351 650 forum
1379 618 1439 651 fori
1463 619 1706 662 quomodolibet
1729 620 1907 664 pertinent,
1938 631 1994 664 pe-

1246 670 1333 704 nitus
1351 676 1381 705 et
1396 673 1527 706 omnino
1545 673 1762 717 conquiescat.
1787 673 1944 718 Quodque
1959 685 1997 708 ea

1246 730 1383 766 tantum,
1416 737 1475 770 pro
1500 727 1683 761 animarum
1707 728 1820 768 salute,
1849 727 1996 772 expedire

1246 779 1362 821 valeat,
1394 791 1476 824 quae
1510 781 1616 814 forum
1650 781 1864 815 conscientiae
1893 782 1996 826 respi-

1247 838 1346 867 ciunt.

1291 887 1383 930 §2st
1415 888 1593 922 Districtius
1628 889 1809 923 inhibentes
1841 889 1996 923 moderno
2070 904 2196 932 numqua

1247 946 1277 974 et
1297 952 1356 985 pro
1385 947 1530 987 tempore
1556 942 1700 976 existenti
1734 943 1849 976 maiori
1882 937 2197 988 906111-1””’“““”“““’“ι
2226 934 2235 941 ²

2011 967 2134 989 officialibus
2169 973 2196 987 ne

2011 998 2088 1026 aliquid
2095 998 2196 1025 expedire

2011 1035 2116 1057 praesum.
2143 1034 2196 1049 con-

2012 1064 2044 1081 tra
2074 1060 2197 1087 praedicto-

2012 1097 2057 1113 rum
2071 1094 2175 1112 tenorem.

1247 995 1406 1035 tentiario,
1433 996 1465 1029 in
1485 996 1600 1029 virtute
1630 1001 1757 1030 sanctae
1777 997 1994 1039 obedientiae,

1248 1060 1283 1081 ac
1314 1049 1448 1092 regenti,
1485 1051 1735 1091 correctoribus,
1772 1051 1995 1095 scriptoribus,

1249 1103 1530 1146 procuratoribus,
1568 1104 1779 1144 revisoribus,
1818 1104 1998 1148 sigillatori-

1247 1156 1308 1189 hus
1336 1156 1470 1201 aliisque
1499 1157 1602 1191 dietae
1634 1157 1902 1192 poenitentiariae
1927 1159 1998 1192 offi-

1249 1209 1382 1243 cialibus
1403 1210 1674 1254 quibuscumque,
1708 1211 1767 1244 sub
1787 1217 1916 1245 nostrae
1947 1211 1998 1245 in-

1249 1263 1440 1307 dignationis
1479 1269 1508 1297 et
1542 1264 1885 1299 excommunicationis
1916 1267 1999 1299 latae

1249 1317 1436 1359 sententiae,
1472 1329 1599 1352 necnon
1624 1319 1811 1363 privationis
1840 1324 1870 1353 et
1903 1319 2000 1353 amis-

1249 1371 1347 1404 sionis
1375 1383 1508 1405 suorum
1537 1373 1722 1406 huiusmodi
1744 1379 1774 1407 et
1793 1373 1931 1407 aliorum
1956 1374 2002 1407 of-

1249 1425 1398 1459 ficiorum
1419 1431 1449 1459 et
1467 1426 1701 1460 beneficiorum
1717 1438 2000 1472 quorumcumque

1250 1489 1307 1522 per
1335 1490 1388 1512 eos
1421 1479 1639 1520 obtentorum,
1662 1486 1692 1513 et
1716 1480 1925 1514 inhabilitatis
1962 1481 2001 1514 ad

1249 1532 1345 1565 aliam
1360 1533 1368 1560 l
1383 1538 1411 1566 et
1425 1533 1486 1567 alia
1503 1534 1535 1566 in
1555 1539 1721 1577 posterum
1737 1534 1923 1575 obtinenda,
1945 1533 2002 1567 311-

1250 1585 1339 1629 isque
1364 1586 1564 1629 gravioribus
1590 1593 1700 1621 nostro
1727 1593 1757 1621 et
1777 1598 1836 1632 pro
1857 1592 2002 1632 tempore

1250 1639 1411 1672 existentis
1435 1640 1570 1674 Romani
1595 1641 1760 1674 Pontificis
1789 1640 1922 1674 arbitrio
1951 1641 2002 1674 in-

1250 1692 1396 1736 fligendis
1434 1700 1464 1727 et
1493 1694 1693 1738 applicandis
1721 1694 1855 1739 poenis,
1890 1705 1931 1728 ne
1964 1695 2004 1728 de

1251 1747 1512 1781 concessionibus
1533 1754 1563 1781 et
1583 1748 1839 1793 expeditionibus
1868 1747 1927 1782 sibi
1946 1759 2006 1793 per

1251 1807 1435 1844 praesentes
1455 1801 1644 1843 interdictis,
1676 1807 1787 1835 eontra
1809 1801 2004 1846 praemisso-

1252 1864 1324 1886 rum
1351 1861 1512 1895 tenorem,
1542 1855 1637 1888 etiam
1664 1861 1828 1900 praetextu
1849 1866 2004 1899 quorum-

1251 1907 1295 1941 vis
1314 1909 1557 1952 privilegiorum
1583 1915 1613 1942 et
1633 1909 1834 1943 indultorum
1855 1909 1900 1943 eis
1920 1920 2003 1954 quo-

1253 1958 1427 1991 modolibet
1460 1969 1701 1999 concessorum,
1733 1970 1765 1992 se
1791 1959 2004 1992 intromittere

1252 2008 1484 2051 quoquomodo
1503 2008 1642 2041 audeant
1662 2019 1718 2041 seu
1739 2013 1956 2052 praesumant.

1296 2057 1310 2100 ἓ
1331 2056 1384 2089 27.
1402 2057 1616 2091 Decernentes
1636 2068 1858 2101 quascumque
1874 2068 2005 2091 conces-

1253 2104 1378 2146 siones,
1409 2106 1526 2149 gratias
1555 2117 1591 2139 ao
1612 2106 1829 2150 expeditiones
1852 2106 2005 2150 deinceps

1254 2153 1292 2186 ab
1321 2154 1435 2188 eodem
1460 2154 1565 2188 officio
1598 2154 1865 2188 Poenitentiariae
1894 2159 2005 2188 contra

1255 2204 1472 2246 praesentium
1506 2209 1663 2244 tenorem,
1698 2204 1785 2248 quod
1817 2204 1910 2244 absit,
1945 2214 2005 2248 pro

1254 2258 1399 2296 tempore
1419 2258 1593 2294 emanatas,
1623 2253 1719 2286 etiam
1745 2253 1770 2286 si
1789 2253 1822 2286 in
1841 2253 1904 2286 illis
1923 2263 2006 2286 asse-

1256 2307 1345 2335 ratur
1381 2302 1467 2335 vivae
1496 2302 1582 2336 vocis
1618 2303 1750 2336 oraculo
1784 2313 1820 2335 ac
1853 2302 1892 2335 de
1917 2312 2006 2335 man—

1256 2351 1329 2385 dato
1360 2357 1469 2385 nostro
1501 2358 1531 2385 et
1565 2362 1624 2396 pro
1662 2357 1807 2395 tempore
1844 2351 2007 2385 existentis

1256 2401 1391 2434 Romani
1411 2401 1574 2435 Pontificis
1593 2400 1722 2445 speciali
1743 2405 1774 2433 et
1792 2411 1942 2444 expresso
1958 2401 2005 2434 fa-

1257 2455 1322 2483 ctas
1342 2450 1450 2491 fuisse,
1477 2451 1582 2484 nullas
1611 2450 1821 2484 nihilominus
1841 2455 1871 2483 et
1894 2450 2007 2484 invali-

1257 2499 1312 2532 das
1336 2510 1373 2533 ac
1411 2505 1548 2533 extortas
1586 2505 1617 2533 et
1645 2499 1848 2544 subreptitias
1881 2511 1948 2534 esse
1978 2507 2009 2535 et

1258 2550 1393 2590 censeri,
1425 2549 1611 2593 neminique
1640 2555 1810 2594 propterea
1837 2550 2007 2594 suffragari

1259 2607 1362 2639 posse,
1398 2603 1428 2631 et
1456 2598 1498 2631 ita
1527 2609 1585 2642 per
1612 2608 1835 2642 quoscumque
1860 2599 2007 2632 locorum

1259 2646 1438 2680 ordinarios
1470 2658 1506 2680 ac
1539 2647 1661 2680 iudices
1693 2653 1723 2681 et
1756 2648 2005 2690 commissarios,

1296 2701 1307 2726 1
1329 2702 1369 2727 Ad
1384 2702 1440 2730 illa,
1463 2700 1555 2728 matth.
1578 2700 1617 2735 (11.
1639 2700 1676 2736 τ).

2045 2065 2156 2087 Decretum
2171 2066 2202 2086 it·-

2017 2098 2090 2119 riuus.
