2237 3100
235 266 284 291 An.
302 264 330 291 C,
352 264 417 292 ¹568

255 647 340 668 Sanctio
366 653 412 674 poe*

230 680 290 699 nolisv

244 1794 363 1816 Facultates
375 1796 406 1816 vi<

222 1830 332 1848 ΕΙῑδιῦῘΙΠΠ

270 1958 405 1980 concedendi

224 1991 340 2011 dilationes
381 1992 405 2012 ad

223 2022 345 2043 solvendum
357 2031 362 2046 ;

476 252 539 286 688

430 314 546 355 centia,
570 313 783 357 imprimatur,
806 317 1005 356 proponatur
1031 310 1078 342 vel
1097 309 1180 343 reci-

430 368 546 413 piatur.
570 368 796 409 Quoscumque
808 376 894 404 vero,
917 364 972 406 qui
992 364 1072 396 illud
1088 375 1180 397 secus

430 421 662 464 impresserint,
680 419 905 463 proposuerint
924 419 971 450 vel
987 418 1179 462 receperint,

430 472 771 508 excommunicationis
791 472 947 505 sententia
958 482 996 504 eo
1008 471 1076 515 ipso
1085 472 1178 505 inno-

430 530 553 561 damus.

472 586 486 623 3⁴
514 582 562 614 12.
585 581 670 614 Mlti
691 591 766 623 ergo
787 580 918 613 omnino
946 580 1114 613 hominum
1141 581 1178 613 li-

428 624 495 668 ceat
526 635 608 667 banc
646 635 794 677 paginam
825 640 952 666 nostrae
986 634 1176 673 oblationis,

426 689 658 732 permissionis,
676 689 895 727 revocationis,
912 688 1072 729 iussionis,
1090 699 1179 731 prae-

426 743 522 786 cepti,
554 743 673 781 statuti,
701 742 829 782 indulti7
863 743 1014 781 mandati,
1043 743 1175 779 decreti,

424 797 638 837 relaxationis,
671 796 914 836 1⁷·0l‘iortationis,
935 797 1174 840 prohibitionis,

424 850 654 890 innodationis,
668 851 838 883 voluntatis
867 851 1054 893 infringere,
1076 852 1123 884 vel
1149 852 1176 884 ei

422 914 503 937 ausu
520 906 691 937 temerario
713 905 881 937 contraire.
907 904 937 937 Si
958 905 1030 948 quis
1049 910 1105 937 etr.

466 957 578 990 Datum
606 958 725 991 Romae
750 959 835 1002 apud
861 959 892 992 S.
928 958 1067 997 Petrum,
1092 970 1176 992 anno

422 1012 654 1045 lucarnationis
674 1013 854 1046 dominicae
880 1013 1050 1046 millesimo
1080 1014 1174 1058 quin—

421 1066 597 1107 gentesimo
611 1067 807 1110 sexagesimo
819 1074 940 1108 octavo,
953 1067 1090 1110 septimo
1105 1068 1175 1101 idus

421 1120 501 1159 iulii,
522 1121 726 1163 pontificatus
746 1121 845 1154 nostri
863 1131 947 1154 anno
972 1121 1076 1154 tertio.

478 1174 541 1206 Dat.
563 1175 610 1204 (lie
629 1175 646 1204 {t
663 1175 731 1204 iulii
751 1175 834 1212 1568,
857 1175 958 1214 pontis.
979 1184 1056 1205 aimo
1079 1185 1119 1205 ιιι.

779 1249 876 1256 -—

772 1335 833 1369 Cll.

422 1412 610 1445 Iao-isdcctz'o
633 1419 661 1445 et
683 1414 853 1455 facultates
879 1415 1084 1447 crisiacum-nm
1104 1426 1172 1447 car-

465 1477 570 1499 cerum
592 1467 697 1500 olnme
729 1468 839 1507 Urbis,
867 1469 902 1500 in
921 1469 1026 1502 octusis
1041 1473 1107 1501 tam
1127 1470 1171 1501 ci—

466 1522 580 1554 vilibus
609 1532 705 1564 quam
729 1522 955 1555 criminalibus
992 1528 1171 1557 carcerato-

466 1586 538 1607 rum
565 1575 588 1607 l.

537 1656 598 1684 Pius
621 1657 691 1693 Papa
714 1657 744 1690 V,
770 1658 847 1686 motu
866 1658 990 1693 proprio,
1011 1659 1066 1686 etc.

465 1728 641 1762 Reverendi
681 1730 742 1763 DD.
783 1730 961 1765 visitatores
1002 1742 1171 1765 carcerum

420 1782 544 1826 possint
564 1784 705 1817 relaxare
720 1784 881 1817 debitores
900 1796 918 1818 a
934 1787 1119 1820 carceribus
1135 1797 1172 1819 ex

421 1837 527 1870 causis
547 1836 768 1881 infrascriptis.

465 1892 480 1933 ξ
514 1891 545 1923 l.
572 1890 610 1923 Et
625 1891 731 1935 primo
749 1893 957 1927 concedendo
973 1895 1170 1935 dilationem,

421 1945 492 1978 data
525 1945 674 1979 cautione
695 1946 733 1979 de
754 1947 904 1980 solvendo
934 1948 1016 1981 infra
1045 1955 1172 1993 tempus

420 2000 636 2042 assignatum,
665 2005 695 2032 et
727 2000 789 2033 hoc
813 2002 1003 2045 praesertim
1041 2004 1171 2046 quando

419 2053 597 2086 visitatores
617 2053 821 2087 considerant
847 2056 1057 2089 retentionem
1081 2057 1171 2090 debi-

420 2107 499 2141 toris
519 2107 634 2140 cedere
653 2118 718 2140 non
740 2108 843 2141 solum
865 2109 896 2142 in
922 2109 1022 2153 ipsius
1042 2111 1171 2154 praeiu-

421 2161 560 2202 dicium,
599 2172 712 2194 verum
747 2162 843 2194 etiam
874 2163 1060 2203 creditoris,
1097 2176 1171 2198 cum

421 2216 547 2249 debitor
576 2215 608 2248 in
641 2216 826 2249 carceribus
846 2217 982 2251 existens
1015 2219 1173 2252 efficiatur

421 2269 589 2303 deterioris
619 2269 826 2311 conditionis,
862 2271 944 2304 etin
965 2272 1032 2305 dies
1065 2273 1173 2306 minus

422 2323 584 2364 solvendo,
608 2324 663 2357 ubi
683 2328 771 2357 extra
785 2334 930 2358 carceres
940 2325 1078 2366 facilius,
1091 2326 1173 2360 infra

423 2382 549 2421 tempus
568 2377 778 2421 assignatum,
800 2378 933 2412 modum
958 2379 1172 2413 satisfaciendi

460 2444 470 2469 1
492 2443 595 2470 statuta
620 2444 653 2471 ab
677 2444 777 2471 eisdem
803 2445 985 2472 visitatoribus
1005 2446 1171 2475 observanda

423 2489 591 2524 praescripsit
608 2490 704 2516 Paulus
721 2491 756 2516 111
773 2490 798 2516 in
824 2491 1014 2518 constitutione
1038 2500 1095 2519 an
1108 2513 1114 2524 ,
1132 2495 1172 2519 Ad

422 2541 497 2565 onus,
515 2536 578 2561 tom.
593 2542 630 2566 vr,
643 2543 702 2569 pag.
719 2535 780 2562 5811.
797 2535 941 2563 Dilationes
956 2536 1107 2563 carceribus
1120 2537 1171 2563 de-

423 2578 501 2604 tentis
511 2585 659 2611 concessas,
679 2587 773 2606 eorum
788 2580 989 2607 fideiussoribus
1009 2589 1060 2608 non
1074 2582 1171 2608 suffra-

422 2623 476 2657 gari
496 2622 616 2650 decrerit
631 2623 713 2651 Iulius
728 2625 764 2651 111
782 2624 809 2651 in
828 2625 1017 2653 constitutione
1039 2633 1088 2660 xv,
1106 2628 1171 2654 Cum

422 2676 519 2702 nuper,
537 2671 600 2696 tom.
618 2677 657 2702 vi,
677 2677 737 2705 pag.
755 2670 816 2698 14112.

1029 258 1207 281 BULLARIUM
1228 258 1378 295 RQMANUM

1988 257 2035 284 An.
2054 258 2084 286 C.
2100 255 2169 285 1568

1223 315 1411 353 reperturus
1427 310 1488 350 sit,
1510 315 1539 343 et
1560 311 1622 343 boc
1642 311 1817 344 dummodo
1838 310 1972 344 oredito-

1223 375 1274 396 res
1294 364 1355 396 sint
1374 364 1506 397 ditiores
1521 370 1551 396 et
1572 375 1643 397 aere
1657 364 1760 398 alieno
1773 376 1837 398 non
1851 364 1969 399 onusti.

1222 417 1371 450 Secundo
1386 445 1393 457 ‚
1426 418 1568 450 relaxare
1602 418 1725 462 possint
1771 418 1948 452 debitorem
1964 447 1971 458 ‚

1222 471 1288 513 qui,
1309 470 1381 503 licet
1413 482 1478 504 nou
1499 472 1613 504 habeat
1639 471 1791 514 pecunias
1811 473 1842 505 in
1868 484 1973 516 prom-

1222 531 1276 568 ptu
1292 552 1299 564 ‚
1322 525 1415 558 habet
1438 532 1544 558 tamen
1566 531 1608 558 tot
1629 526 1732 566 bona,
1768 537 1805 559 ex
1831 537 1972 570 quorum

1221 579 1401 612 venditione
1422 585 1525 623 potest
1552 580 1766 613 creditoribus
1799 580 1944 614 satisfieri
1963 609 1970 622 ‚

1221 639 1249 665 et
1276 640 1405 666 extunc
1422 634 1488 677 ipse
1510 634 1668 667 consentit
1704 635 1893 667 eorumdem
1913 634 1972 668 ho-

1223 697 1337 719 norum
1371 688 1615 720 subl‘iastationi.
1641 688 1675 720 Et
1696 688 1872 721 visitatores
1909 688 1972 722 hoc

1221 741 1348 779 taciani,
1373 742 1443 773 data
1460 742 1609 774 cautione
1631 742 1668 774 «le
1685 752 1717 775 se
1733 748 1973 786 repraesentan-

1220 795 1260 827 do
1281 795 1313 826 in
1332 795 1449 827 eisdem
1466 802 1547 828 statu
1569 802 1599 828 et
1620 796 1783 836 terminis,
1806 797 1838 829 in
1854 796 1972 840 quibus

1220 854 1404 881 carceratus
1424 850 1602 893 reperitur,
1625 860 1665 882 ne
1685 850 1847 893 contingat
1868 850 1971 884 credi—

1220 909 1320 935 torem
1342 903 1445 947 decipi
1463 914 1499 936 ex
1515 904 1622 946 aliquo
1644 904 1875 948 impedimento
1891 914 1974 947 prae·

1219 957 1292 989 stito
1312 957 1486 990 venditioni
1507 958 1682 991 bonorum.
1705 958 1741 990 Et
1761 958 1786 991 si
1805 958 1890 991 bona
1906 968 1970 991 non

1218 1011 1396 1050 sufficiant,
1423 1022 1481 1044 nec
1504 1010 1595 1043 bonis
1624 1011 1738 1045 cedere
1771 1012 1884 1053 velint,
1910 1023 1971 1046 nec

1218 1065 1355 1098 biretum
1377 1065 1474 1098 viride
1500 1065 1641 1105 deferre,
1681 1066 1809 1099 nonnisi
1829 1066 1868 1099 de
1900 1077 1970 1100 om-

1218 1119 1307 1152 nium
1341 1118 1537 1152 creditorum
1563 1129 1742 1160 consensu,
1771 1130 1969 1164 quemquam

1217 1174 1358 1206 relaxare
1376 1173 1506 1217 possint.
1526 1173 1678 1216 Idemque
1689 1179 1843 1215 servetur,
1858 1175 1970 1208 etiam-

1216 1228 1240 1259 si
1266 1228 1303 1260 sit
1335 1228 1459 1260 clarum
1490 1227 1654 1259 debitores
1677 1228 1806 1260 nullum
1836 1239 1970 1272 prorsus

1217 1282 1334 1315 babere
1361 1282 1493 1314 modum
1519 1281 1733 1314 satisfaciendi
1754 1282 1969 1316 creditoribus

1216 1336 1299 1373 suis,
1336 1335 1396 1368 nisi
1422 1346 1458 1368 ex
1492 1335 1609 1368 sudore
1630 1336 1734 1369 vultus
1755 1336 1814 1370 sui.
1839 1337 1967 1378 Tertio,

1216 1390 1359 1422 relaxare
1386 1394 1518 1433 possunt
1549 1390 1678 1433 quando
1700 1390 1841 1424 creditor
1856 1402 1969 1425 execu-

1215 1444 1334 1477 tionem
1356 1444 1452 1477 liabet
1471 1445 1589 1477 realem
1605 1472 1612 1485 ‚
1636 1449 1665 1477 et
1686 1451 1732 1478 est
1751 1445 1783 1478 in
1803 1445 1898 1479 bonis
1917 1457 1968 1479 ca-

1216 1498 1276 1542 ptis
1297 1509 1353 1542 per
1374 1498 1595 1532 executionem
1621 1499 1680 1532 sibi
1705 1499 1787 1533 bene
1821 1505 1964 1534 cautum.

1259 1552 1273 1593 ξ
1294 1551 1325 1585 2,
1353 1552 1471 1591 Quarto
1484 1580 1491 1592 ,
1512 1553 1545 1585 in
1565 1564 1641 1586 casu
1658 1552 1872 1595 infirmitatis,
1900 1565 1968 1588 cre-

1215 1605 1346 1645 ditores,
1360 1616 1473 1639 eorum
1485 1606 1680 1651 sumptibus,
1694 1606 1895 1641 debitoribus
1912 1608 1968 1641 ali-

1214 1665 1319 1693 menta
1346 1665 1376 1693 et
1398 1660 1632 1693 medicamenta
1646 1660 1828 1695 ministrent
1847 1661 1880 1695 in
1900 1673 1968 1696 car-

1215 1714 1354 1755 ceribus,
1373 1714 1492 1758 quibus
1504 1715 1721 1748 creditoribus
1731 1715 1967 1758 recusantibus,

1214 1768 1417 1808 relaxentur,
1440 1768 1547 1801 habita
1563 1769 1625 1802 tide
1646 1780 1662 1801 a
1679 1769 1814 1802 medicis
1829 1769 1966 1814 deputa-

1215 1821 1269 1861 tis,
1292 1827 1322 1855 et
1342 1827 1471 1866 recepta
1491 1822 1658 1864 cautione,
1682 1823 1706 1855 si
1728 1822 1816 1856 illam
1835 1823 1965 1865 habent,

1214 1875 1262 1908 sin
1282 1880 1390 1908 autem
1403 1903 1410 1916 ,
1432 1881 1562 1920 recepta
1577 1876 1733 1910 iuratoria
1749 1876 1909 1911 cautione.

1258 1931 1272 1973 ᾗ
1305 1929 1335 1963 3.
1377 1930 1493 1969 Quinto
1519 1958 1526 1971 ,
1577 1931 1762 1964 relaxentur
1803 1931 1966 1966 debitores
2011 1941 2163 1971 rupemque

1213 1984 1356 2028 quando,
1393 1984 1520 2028 cognita
1559 1996 1672 2018 eorum
1698 1990 1887 2030 paupertate
1928 1997 1966 2021 ac
1978 1974 2163 2028 ξῖἶζεῃῗξὴζὲζῗ

1214 2037 1391 2081 pertinacia
1411 2039 1597 2079 creditoris,
1633 2039 1662 2071 ei
1695 2039 1881 2072 mandatum
1907 2036 2091 2074 fuit⁶¹²⁰¹¹¹²²¹⁸r

1215 2096 1249 2124 ut
1274 2098 1436 2126 carcerato
1468 2093 1605 2126 debitori
1644 2093 1866 2127 subministret
1905 2094 1966 2128 ali-

1215 2152 1339 2188 menta,
1362 2152 1393 2180 et
1414 2147 1480 2191 ipse
1500 2147 1562 2181 hoc
1582 2148 1688 2181 facere
1707 2153 1847 2192 recusat.

1258 2200 1273 2243 ,ξ
1297 2200 1329 2233 4.
1357 2200 1471 2238 Sexto,
1507 2202 1691 2235 relaxentur
1723 2212 1741 2235 a
1780 2202 1965 2238 carceribus

1214 2254 1367 2288 mulieres
1387 2266 1446 2299 pro
1462 2256 1569 2289 debito
1584 2255 1666 2290 civili
1679 2261 1842 2299 retentae,
1860 2267 1965 2301 quan-

1214 2308 1254 2341 do
1275 2314 1347 2341 sunt
1369 2310 1541 2349 honestae,
1580 2310 1674 2343 etiam
1696 2303 1721 2343 si
1754 2315 1866 2354 captae
1904 2309 1966 2344 sint

1214 2373 1273 2406 pro
1298 2362 1405 2396 debito
1425 2363 1568 2407 publico.

1258 2417 1273 2460 ἓ
1293 2416 1324 2450 5.
1348 2417 1508 2461 Septimo,
1534 2419 1678 2451 relaxare
1697 2418 1820 2462 possint
1839 2418 1963 2452 debito-
2004 2423 2102 2445 ludebite
2117 2429 2162 2445 0³¹-

1214 2476 1282 2507 res,
1306 2467 1360 2510 qui
1390 2477 1427 2500 ex
1446 2472 1562 2500 natura
1582 2467 1680 2500 debiti
1714 2477 1779 2500 non
1813 2471 1966 2501 tenentur
1978 2458 2072 2482 ⁰²‘⁸‘⁰⁵’

1214 2515 1252 2548 de
1273 2515 1342 2548 iure
1363 2516 1447 2548 ultra
1474 2516 1505 2549 id
1519 2543 1526 2555 ,
1564 2516 1651 2559 quod
1670 2516 1775 2549 facere
1803 2523 1961 2560 possunt,

1213 2564 1289 2607 quia
1310 2570 1386 2598 tunc
1399 2575 1459 2598 nec
1479 2564 1640 2599 carcerari
1655 2570 1822 2609 poterant,
1844 2570 1875 2599 et
1889 2576 1965 2610 pro-

1213 2618 1323 2656 pterea
1347 2619 1459 2648 contra
1478 2614 1563 2648 bona
1582 2619 1630 2648 est
1661 2614 1828 2658 dirigenda
1846 2624 1963 2649 execu-

1213 2668 1268 2696 tio.

2026 1568 2164 1596 Infit-mosque

1983 1599 2098 1625 relaxandi,

2018 2214 2162 2243 Mulier-esque

1979 2249 2089 2275 honestas,
