2237 3100
491 225 557 259 664

446 287 588 321 tionibus
608 293 636 321 et
671 290 797 321 statutis
829 299 885 321 seu
911 288 1199 321 consuetudinibus

446 341 642 381 continetur,
664 352 728 384 quo
748 342 926 374 factumest
951 347 982 373 ut
1000 341 1071 373 lites
1084 341 1198 374 huius-

446 395 534 427 modi
569 395 768 427 immortales
788 393 983 434 efficiantur,
1005 404 1066 427 nec
1085 405 1197 428 earum

445 452 574 490 optatus
594 446 667 479 linis
686 446 786 479 videri
806 446 915 489 possit.

489 501 504 543 g
520 500 549 532 2.
574 500 653 532 llinc
674 505 721 531 est
740 499 827 542 quod
847 510 906 533 nos
927 500 986 532 hac
1005 507 1113 533 nostra
1128 512 1199 544 per-

281 559 316 581 fflc
334 559 428 595 manag,
444 558 540 596 petuo
560 551 695 585 valitura
720 552 949 585 constitutione
969 579 976 592 ,
1007 553 1197 586 auctoritate

245 591 429 648 Ζξᾶῖρὲξξῖᾞῖ
443 605 621 649 apostolica
648 604 821 638 statuimus
854 611 950 649 atque
992 606 1198 640 decernimus

245 653 429 712 ξζζξῃρρᾞῇιζῖζ
442 657 530 702 quod
548 658 684 697 fructus,
717 657 863 691 redditus
894 664 922 691 et
950 665 1124 702 proventus
1161 671 1197 693 ac

244 716 427 766 ἓῆῑζιῇπεεῐὶεευ-
442 710 685 768 distributiones
719 717 912 769 caeteraque
946 713 1165 746 emolumenta
1188 740 1195 752 ,

442 774 541 807 quae,
566 774 674 808 wgore
704 770 971 798 const1tutionum
988 792 995 805 ,
1023 772 1196 800 consuetu-

441 816 554 850 dinum
580 823 610 850 et
641 822 834 850 statutorum
866 819 1107 861 praedictorum
1134 847 1141 860 ,
1180 832 1196 853 a

441 870 586 914 capitulo
601 876 632 903 et
655 870 821 904 canonicis
838 871 1038 916 recipienda,
1058 879 1088 905 ut
1105 884 1196 917 prae-

440 923 592 964 mittitur,
604 928 708 964 erant,
721 924 937 968 ampliusnon
952 926 991 958 ab
1003 926 1124 959 eisdem
1142 938 1195 959 ca-

440 976 543 1020 pitulo
560 982 590 1010 et
616 977 782 1010 canonicis
797 977 1009 1021 recipiantur,
1029 982 1084 1026 sed⁴
1100 991 1197 1023 penes

440 1040 610 1073 personam
653 1030 715 1064 fide
747 1037 777 1064 et
806 1032 1013 1066 facultatibus
1046 1033 1195 1066 idoneam

440 1094 498 1127 per
514 1083 667 1124 iudicem,
681 1095 791 1118 coram
803 1096 868 1128 quo
880 1096 996 1120 causae
1008 1087 1194 1121 huiusmodi

441 1137 583 1180 pendere
604 1143 752 1181 repertae
777 1138 895 1171 suerint
914 1166 921 1179 ,
952 1140 1132 1183 eligendam
1166 1147 1195 1174 et

440 1191 673 1224 nominandam
695 1191 914 1235 deponantur,
937 1194 1136 1226 restituenda
1157 1194 1195 1231 ei,

437 1243 489 1276 cui
510 1243 549 1276 de
569 1243 640 1276 iure
660 1249 771 1287 postea
791 1245 990 1278 restituenda
1016 1246 1147 1279 suerint.

480 1296 495 1339 ξ
515 1295 546 1329 3.
570 1296 687 1340 Sicque
704 1308 763 1341 per
782 1308 1007 1342 quoscumque
1028 1299 1150 1333 iudices
1166 1306 1193 1333 et

436 1349 686 1390 commissarios,
696 1350 808 1394 quavis
815 1351 1007 1385 auctoritate
1016 1353 1195 1396 fungentes,

248 232 299 260 An,
317 233 345 260 C.
366 233 432 261 ¹568

265 1362 379 1382 Decretum
396 1363 421 1382 ir-

239 1395 312 1413 ritans.

1049 232 1229 259 BULLARIUM
1249 231 1401 257 ROMANUM

1242 292 1318 319 etex
1343 290 1430 318 certa
1451 286 1595 325 scientia,
1617 297 1653 319 ac
1674 287 1801 330 quavis,
1821 288 1915 321 etiam
1937 288 1998 321 im—

1242 338 1354 383 periali
1376 339 1423 371 vel
1452 338 1563 381 regali,
1600 339 1858 374 consideratione
1883 342 1930 374 vel
1952 341 1999 375 in-

1241 391 1368 433 stantia,
1390 397 1418 424 et
1449 392 1527 424 alias
1553 392 1797 435 quomodolibet
1822 395 1996 435 concessis,

1241 445 1428 489 approbatis
1448 450 1479 478 et
1499 445 1669 485 innovatis,
1691 445 1810 489 quibus
1832 447 1996 489 omnibus,

1240 498 1336 531 etiam
1348 498 1372 531 si
1387 509 1446 542 pro
1458 499 1589 531 illorum
1602 498 1772 531 sufficienti
1788 499 1999 543 derogatione

1240 550 1400 594 specialis,
1423 551 1584 594 specifica,
1608 550 1770 584 individua
1790 557 1819 585 et
1835 563 1997 596 expressa,

1240 614 1305 637 non
1330 610 1438 638 autem
1456 615 1514 649 per
1534 605 1696 638 clausulas
1724 606 1891 647 generales
1914 606 1998 640 idem

1240 657 1469 701 imponantes,
1513 658 1634 691 mentio
1685 669 1740 691 seu
1775 659 1906 702 quaevis
1937 660 1999 694 alia

1240 711 1404 755 expressio
1424 711 1585 751 habenda,
1607 716 1663 744 aut
1681 712 1789 755 aliqua
1809 712 1870 745 alia
1886 713 1998 757 exqui-

1239 764 1298 797 sita
1319 766 1422 798 forma
1438 765 1476 797 ad
1498 765 1560 797 hoc
1576 765 1732 798 servanda
1753 766 1845 805 soret,
1862 767 1997 810 perinde

1239 828 1275 850 ac
1294 818 1318 850 si
1340 823 1468 851 tenores
1488 818 1676 851 huiusmodi
1702 818 1741 852 de
1758 819 1854 852 verbo
1870 820 1910 852 ad
1927 831 1997 854 ver-

1240 871 1328 910 bum,
1337 870 1417 903 nibil
1431 871 1560 915 penitus
1570 871 1703 911 omisso,
1716 871 1839 912 inserti,
1851 877 1882 906 et
1893 873 1997 907 forma

1239 923 1270 956 iu
1292 923 1355 957 illis
1376 924 1490 957 tradita
1511 924 1679 958 observata
1700 926 1782 958 foret
1800 953 1807 966 ‚
1830 936 1890 969 pro
1910 927 1997 960 suffi-

1239 976 1360 1010 cienter
1381 977 1538 1020 expressis
1557 978 1713 1011 habentes
1730 1005 1737 1018 ,
1761 979 1946 1022 spe-cialiter
1968 985 1999 1013 et

1239 1041 1387 1074 expresse
1417 1031 1633 1073 derogamus,
1670 1031 1842 1065 contrariis
1861 1032 1997 1075 quibus-

1239 1094 1393 1127 cumque.

1282 1138 1297 1180 ξ
1317 1137 1347 1170 5.
1367 1138 1523 1170 l'olumus
1544 1144 1651 1171 autem
1673 1139 1759 1181 quod
1778 1139 1997 1182 praesentium

1239 1191 1461 1235 transumptis,
1474 1202 1570 1224 mauu
1588 1191 1726 1224 alicuius
1742 1191 1859 1224 notarii
1874 1192 1997 1236 publici

1239 1244 1439 1287 subscriptis,
1461 1251 1491 1278 et
1513 1245 1616 1288 sigillo
1633 1245 1773 1278 alicuius
1790 1256 1948 1289 personae
1963 1246 1997 1279 in

1238 1298 1392 1340 dignitate
1409 1298 1626 1331 ecclesiastica
1641 1299 1833 1332 constitutae
1848 1299 1994 1340 munitis,

1238 1350 1350 1383 eadem
1373 1361 1506 1395 prorsus
1527 1351 1606 1384 fides
1637 1351 1669 1384 in
1696 1351 1817 1385 iudicio
1851 1358 1881 1386 et
1908 1359 1996 1387 extra

436 1402 469 1435 in
489 1403 601 1446 quavis
615 1403 766 1436 instantia
777 1404 914 1437 iudicari
926 1405 1056 1446 debere,
1071 1407 1195 1440 sublata
1237 1404 1431 1438 adhibeatur
1448 1432 1455 1446 ‚
1488 1416 1571 1448 quae
1609 1406 1835 1449 praesentibus
1861 1406 1995 1440 adhibe-

436 1455 482 1489 eis
509 1463 539 1489 et
573 1467 687 1490 eorum
709 1458 841 1491 cuilibet
870 1458 982 1502 quavis
1002 1459 1095 1492 aliter
1110 1460 1194 1493 iudi·
1214 1455 1218 1487 Ι
1238 1464 1340 1498 retur,
1363 1459 1387 1491 si
1405 1459 1691 1495 forenttexhibitae
1711 1460 1759 1493 vel
1775 1465 1934 1494 ostensae.

437 1510 530 1543 candi
555 1515 586 1543 et
605 1511 840 1555 interpretandi
866 1512 1017 1545 facultate
1036 1524 1043 1552 ζ,
1066 1513 1194 1546 irritum

435 1573 568 1608 quoque
601 1569 631 1597 et
658 1564 753 1598 inane
787 1565 996 1599 decernimus
1014 1593 1021 1606 ,
1050 1566 1075 1599 si
1102 1578 1196 1600 secus

437 1626 535 1661 super
555 1617 604 1650 his
628 1628 646 1650 a
663 1628 842 1661 quoquam,
865 1619 977 1662 quavis
988 1620 1192 1660 auctoritate,

437 1670 576 1703 scienter
585 1671 633 1704 vel
642 1671 839 1714 ignoranter,
852 1673 1021 1715 contigerit
1031 1674 1192 1706 attentari.

481 1724 496 1766 ἐ
520 1723 552 1756 4.
586 1724 655 1757 Non
689 1725 891 1759 obstantibus
926 1726 1113 1769 praemissis
1157 1738 1194 1760 ac

436 1777 602 1822 quibusvis
619 1778 826 1821 apostolicis,
862 1789 990 1812 necnon
1010 1780 1042 1812 in
1064 1780 1194 1823 provin-

437 1832 572 1865 cialibus
587 1837 617 1865 et
633 1833 840 1877 synodalibus
857 1834 1003 1867 conciliis
1023 1834 1128 1871 editis,
1143 1846 1195 1877 ge-

437 1887 603 1920 neralibus
613 1888 660 1920 vel
678 1887 885 1931 specialibus,
908 1888 1196 1921 constitutionibus

437 1945 465 1973 et
492 1940 765 1980 ordinationibus
789 1947 818 1974 et
839 1943 1026 1984 quarumvis
1046 1942 1194 1976 ecclesia-

438 2005 511 2027 rum
532 1995 787 2038 praedictarum,
801 1995 896 2028 etiam
908 1996 1102 2032 iuramento.
1121 2008 1195 2029 con-

437 2048 621 2082 firmatione
647 2049 825 2092 apostolica
844 2050 891 2082 vel
921 2051 1032 2093 quavis
1053 2051 1114 2083 alia
1141 2051 1194 2083 tir-

438 2101 547 2135 mitate
568 2103 740 2142 roboratis,
755 2103 881 2136 statutis
899 2109 928 2136 et
952 2104 1194 2137 consuetudini—

437 2155 517 2195 bus,
541 2156 636 2189 etiam
672 2156 998 2193 immemorabihbus:
1021 2157 1195 2200 privilegiis

437 2220 582 2254 quoque,
596 2210 729 2243 indultis
745 2215 776 2243 et
792 2209 906 2243 litteris
920 2211 1115 2254 apostolicis,
1133 2211 1195 2244 illis

438 2273 621 2307 eorumque
645 2264 796 2308 capitulis
816 2269 843 2297 et
878 2264 1103 2307 superioriluis
1138 2276 1195 2308 per

439 2327 665 2361 quoscumque
685 2317 847 2350 Romanos
866 2317 1038 2350 Pontifices
1059 2319 1194 2362 praede—

440 2380 583 2403 cessores
617 2376 743 2404 nostros
776 2381 813 2404 ac
838 2381 896 2404 nos
917 2377 945 2403 et
972 2371 1086 2404 Sedem
1108 2373 1193 2415 Apo-

440 2419 597 2459 stolicam,
623 2420 683 2452 sub
703 2419 966 2463 quibuscumque
983 2420 1151 2452 tenoribus
1165 2427 1191 2453 et

439 2467 562 2508 formis,
589 2479 626 2502 ac
651 2479 725 2502 curn
745 2469 923 2513 quibusvis,
945 2468 1041 2502 etiam
1062 2469 1193 2513 deroga-

439 2516 596 2550 toriarum
624 2518 836 2560 derogatoriis
863 2518 999 2562 aliisque
1031 2519 1194 2552 efficacio-

439 2565 529 2598 ribus
539 2571 567 2598 et
582 2566 729 2607 insolitis,
747 2567 911 2611 clausulis.
928 2577 1055 2600 necnon
1069 2567 1194 2600 irritan-

439 2614 526 2648 tibus
540 2620 571 2648 et
591 2615 661 2650 aliis
673 2616 821 2657 decretis,
839 2616 935 2651 etiam
956 2621 1045 2650 motu
1062 2616 1194 2660 proprio

265 1792 375 1812 clausulae
387 1791 422 1810 de-

239 1824 359 1849 rogatoriae

1280 1511 1294 1554 ξ
1315 1510 1345 1544 b'.
1369 1512 1527 1556 Quodque
1548 1513 1674 1545 litterae
1694 1513 1783 1557 ipsae
1799 1513 1832 1546 in
1841 1513 1995 1548 Gamerae

1237 1565 1267 1592 et
1281 1560 1500 1595 Cancellariae
1520 1562 1781 1606 Apostolicarum
1802 1567 1833 1596 et
1851 1563 1994 1597 Audien-

1237 1609 1298 1642 tiae
1324 1621 1496 1644 causarum
1518 1611 1629 1644 Palatii
1645 1611 1820 1655 Apostolici
1841 1611 1948 1654 valvis,
1965 1614 1996 1647 et

1238 1659 1269 1691 in
1282 1660 1349 1692 acie
1362 1659 1471 1704 Campi
1493 1660 1618 1700 Florae,
1637 1660 1775 1694 dimissis
1786 1660 1866 1694 inibi
1878 1661 1992 1706 copiis,

1238 1709 1419 1752 publicatae
1441 1716 1471 1743 et
1491 1710 1602 1743 affixae
1621 1737 1628 1745 .
1651 1720 1764 1743 ornnes
1789 1710 1833 1743 ita
1853 1710 1993 1744 afficiant

1237 1765 1266 1791 et
1287 1765 1409 1793 art-tent
1437 1771 1472 1792 at·
1494 1760 1518 1793 si
1531 1760 1594 1793 illis
1605 1760 1818 1804 personaliter
1830 1760 1995 1794 intimatae

1238 1810 1384 1843 fuissent.
1408 1811 1491 1843 Nulli
1518 1821 1594 1855 ergo
1615 1815 1672 1843 etc.

1282 1860 1395 1893 Datum
1417 1860 1536 1893 Romae
1570 1860 1656 1903 apud
1681 1860 1712 1893 S.
1740 1860 1884 1901 Petrum,
1910 1872 1996 1895 anno

1237 1909 1471 1942 lucarnationis
1495 1908 1677 1942 dominicae
1700 1909 1872 1942 millesimo
1899 1911 1995 1954 quin-

1236 1958 1413 2000 gentesimo
1444 1958 1640 2001 sexagesimo
1667 1962 1795 1999 octavo,
1820 1958 1914 1992 tertio
1938 1959 1996 1992 ka-

1237 2007 1348 2039 lendas
1377 2006 1509 2049 aprilis.
1543 2007 1751 2049 pontificatus
1783 2007 1884 2040 nostri
1909 2017 1994 2041 anno

1237 2056 1343 2088 tertio.

1279 2109 1338 2138 Dat
1359 2109 1404 2138 die
1422 2110 1459 2139 30
1479 2111 1575 2138 :martii
1600 2110 1682 2143 1568,
1703 2109 1805 2148 pontif.
1819 2119 1896 2139 auno
1912 2119 1952 2140 ιιι.

1564 2232 1651 2264 XCII.

1238 2296 1324 2335 Quae
1344 2296 1567 2338 beneficiorum
1598 2289 1882 2327 ecclesiasticormn
1912 2296 1990 2328 resi-

1279 2346 1448 2387 qnationes
1480 2356 1538 2387 per
1552 2346 1710 2387 episcopos
1726 2348 1755 2377 et
1770 2344 1852 2376 alios
1863 2344 1992 2377 collato-

1282 2405 1330 2426 res
1350 2394 1484 2426 admitti
1501 2393 1637 2436 possint.

1317 2462 1378 2490 rius
1402 2461 1545 2496 episcopus
1567 2467 1661 2489 servus
1680 2466 1820 2488 servorum
1841 2459 1897 2492 Dei.

1369 2511 1403 2539 ad
1431 2511 1592 2546 perpetuam
1616 2511 1656 2538 rei
1683 2509 1852 2537 memoriam.

1280 2572 1403 2607 Quanta
1424 2567 1574 2601 Ecclesiae
1594 2568 1649 2601 Dei
1670 2567 1876 2601 incommoda
1901 2568 1990 2600 omni

1237 2624 1383 2661 tempore
1403 2617 1559 2659 attulerit,
1580 2622 1611 2651 et
1625 2627 1713 2650 nunc
1726 2615 1870 2659 quotidie
1888 2615 1990 2660 magis

2022 234 2072 261 An.
2086 234 2116 262 C.
2132 233 2199 264 1568

2050 1147 2111 1169 Fides
2127 1154 2198 1169 exem-

2014 1179 2104 1206 plorum.

2038 1521 2111 1542 Forma
2130 1522 2197 1549 publi-

2011 1553 2080 1573 candit

2031 2580 2144 2601 Exordium
