2237 3100
263 259 313 289 An:
328 263 358 291 C.
378 261 443 291 1568

501 252 564 286 7:32

455 315 502 349 vis
513 315 796 349 constitutionibus
811 320 838 348 et
856 312 1112 347 ordinationibus
1127 323 1203 357 apo-

456 364 587 403 stolicis;
610 374 735 396 necnon
756 363 856 407 ipsius
885 362 1142 405 congregationis
1166 372 1202 395 ac

456 412 642 457 quorumvis
672 411 940 444 monasteriorum
966 417 996 444 ct
1024 411 1200 453 Ordinum,

456 462 551 494 etiam
571 461 752 493 iuramento
773 466 800 493 et
818 459 1062 493 confirmatione
1077 467 1202 504 aposto-

456 511 518 543 lica
537 511 585 543 vel
604 509 874 553 quaxistirmitate
883 508 944 542 alia
960 509 1202 550 roboratis,sta-

457 559 533 591 tutis
556 564 586 591 et
606 558 906 598 consuetudinibus3
929 557 1103 601 privilegiis
1126 570 1204 603 quo-

455 617 529 651 que,
544 607 676 640 indultis
691 612 721 640 et
737 607 849 640 litteris
862 607 1057 650 apostolicis
1071 607 1134 640 illis
1149 619 1203 641 eo-

455 666 594 699 rumque
602 656 827 700 superioribus
836 661 867 689 et
882 656 1041 699 personis,
1058 657 1116 690 sub
1133 657 1204 701 qui-

454 703 657 748 buscumque
684 704 849 737 tenoribus
874 710 903 737 et
928 705 1051 745 formis,
1073 716 1110 739 ac
1129 717 1203 739 eum

454 753 633 796 quibusvis,
655 753 749 787 etiam
771 754 1047 796 derogatoriarum
1069 755 1204 798 deroga-

456 801 565 843 toriis,
594 803 731 847 aliisque
751 803 998 844 efficacioribus,
1022 804 1204 838 efficacissi-

454 851 524 892 mis,
544 851 702 885 reiteratis
727 857 758 885 et
781 852 918 886 insolitis
943 853 1107 893 clausulis,
1130 854 1204 886 irri-

454 901 659 945 tantibusque
680 906 709 934 et
725 901 795 935 aliis
812 901 962 942 decretis
981 902 1013 934 in
1024 913 1141 945 genere
1156 904 1205 936 vel

454 949 487 981 in
502 950 609 993 specie
626 955 656 983 ct
673 950 750 983 alias
769 951 1011 995 quomodolibet
1026 951 1148 984 iteratis
1162 952 1206 984 vi-

453 997 546 1031 cibus
573 1000 746 1040 concessis,
761 1000 959 1033 confirmatis
979 1006 1009 1033 ct.
1035 1000 1201 1034 innovatis.

453 1047 575 1087 Quibus
590 1048 739 1081 omnibus
756 1049 944 1091 etsingulis,
961 1049 1054 1082 etiam
1072 1050 1097 1082 si
1113 1050 1202 1092 alias,

453 1107 512 1139 pro
525 1097 655 1130 illorum
673 1097 843 1130 sufficienti
856 1098 1074 1140 derogatione,
1088 1098 1126 1132 de
1142 1100 1205 1133 illis

453 1146 652 1190 illorumque
676 1147 750 1180 totis
770 1147 935 1180 tenoribus
956 1148 1116 1191 specialis,
1136 1160 1206 1194 spe-

456 1195 559 1236 cifica,
587 1207 736 1240 expressa
756 1202 786 1229 et
805 1196 980 1237 individua,
1011 1208 1075 1230 non
1098 1204 1204 1232 autem

455 1255 513 1287 per
530 1245 690 1278 clausulas
701 1246 866 1288 generales
883 1245 966 1278 idem
983 1246 1204 1289 importantes,

456 1294 574 1327 mentio
587 1305 643 1327 seu
655 1294 785 1338 quaevis
800 1293 860 1327 alia
872 1296 1033 1338 expressio
1048 1296 1204 1337 habenda,

455 1343 502 1375 vel
522 1343 629 1387 aliqua
648 1343 709 1376 alia
725 1343 881 1387 exquisita
897 1344 999 1377 forma
1013 1345 1122 1378 adhoc
1142 1357 1205 1379 ser-

454 1392 557 1425 vanda
576 1393 670 1433 foret,
688 1393 817 1425 illorum
834 1398 961 1425 tenores
983 1395 1206 1437 praesentibus

456 1451 514 1484 pro
530 1441 727 1474 sufficienter
738 1442 894 1485 expressis
906 1447 935 1475 et
950 1442 1077 1475 insertis
1087 1444 1205 1478 liaben-

456 1495 512 1530 tes,
531 1489 592 1523 illis
611 1490 689 1523 alias
707 1490 739 1523 in
760 1501 818 1523 sno
839 1491 954 1524 robore
971 1493 1202 1535 permansuris,

455 1539 515 1572 hac
534 1540 603 1573 vice
623 1540 797 1581 dumtaxat,
821 1540 1006 1585 specialiter
1016 1548 1045 1574 ct
1057 1552 1204 1586 expresse

455 1588 660 1632 derogamus,
675 1589 843 1623 contrariis
858 1590 1136 1634 quibuscumque,
1151 1598 1206 1626 aut

455 1637 480 1670 si
489 1638 661 1682 aliquibus,
678 1640 895 1673 communiter
904 1641 952 1673 vcl
964 1640 1098 1679 divisim,
1109 1642 1148 1674 ab
1157 1653 1205 1675 ea-

455 1687 527 1720 dem
553 1688 592 1721 sit
616 1689 696 1722 Sede
726 1689 887 1721 indultum
918 1689 1005 1732 quod
1036 1689 1201 1733 interdici,

455 1739 607 1782 suspendi
632 1739 680 1772 vel
706 1739 978 1773 excommunicari
998 1751 1061 1773 non
1083 1743 1205 1785 possint

455 1798 513 1830 per
532 1788 654 1821 litteras
665 1788 856 1832 apostolicas
876 1793 940 1822 non
965 1790 1118 1824 facientes
1139 1792 1205 1835 ple-

455 1847 530 1870 nam
551 1842 581 1870 et
600 1848 781 1882 expressam
794 1849 829 1871 ac
846 1838 884 1871 (le
901 1839 996 1872 verbo
1017 1839 1056 1872 ad
1072 1840 1203 1874 verbum

456 1887 494 1919 de
515 1886 640 1919 indulto
662 1887 846 1920 huiusmodi
862 1888 1070 1921 mentionem.

498 1936 612 1969 Datum
640 1937 759 1969 Romae
787 1937 871 1980 apud
896 1937 926 1971 S.
959 1938 1109 1979 Petrum,
1146 1939 1205 1972 sub

456 1986 576 2018 annulo
596 1985 778 2026 Piscatoris,
803 1986 852 2020 die
878 1996 905 2019 vl
930 1987 1111 2021 decembris
1131 1988 1204 2021 mil-

457 2035 569 2068 lesimo
589 2035 846 2078 quingentesimo
866 2038 1062 2079 sexagesimo
1081 2043 1203 2079 oetam,

458 2084 662 2129 pontificatus
687 2085 785 2117 nostri
807 2095 891 2118 anno
917 2095 961 2118 111.

518 2133 578 2163 Dat.
597 2134 643 2163 die
660 2134 677 2163 (3
697 2134 759 2163 dec.
781 2134 865 2171 tae&
882 2134 983 2173 pontif.
1003 2145 1077 2165 anno
1096 2145 1135 2166 ιιι.

459 2275 676 2308 Comminatio
698 2285 877 2317 pocnarmn
903 2280 1014 2307 eontra
1038 2277 1207 2319 scriptores

502 2330 538 2352 ac
556 2320 779 2352 sollicitatores
808 2320 948 2362 aliosque
975 2320 1126 2362 officiales
1153 2332 1206 2353 sa-

502 2364 895 2397 craePoem‘tentiariaeet
913 2363 1206 2405 Contradit-caram,

503 2409 557 2451 qui
568 2411 597 2440 in
608 2409 900 2451 dispensationeibus
910 2410 1083 2442 mutrimon
1091 2411 1208 2443 {almus

504 2454 670 2486 veritatem
690 2464 753 2485 non
780 2454 980 2496 eaffprimunt,
1008 2454 1054 2486 rel
1076 2455 1206 2496 salsitu-

505 2501 566 2529 tem
587 2498 743 2530 inducunt
761 2496 787 2529 1.

579 2555 639 2583 Pius
658 2556 727 2591 Papa
742 2555 772 2588 V,
793 2556 871 2584 motu
889 2555 1008 2593 proprio,
1035 2557 1088 2585 etc.

504 2603 539 2646 {t
549 2630 555 2636 .
565 2603 654 2644 Cum,
665 2605 746 2637 sicut
759 2605 955 2649 accepimus,
967 2607 1127 2647 nonnulli,
1142 2617 1208 2641 suae

500 2659 507 2683 t
531 2657 569 2683 Ex
589 2657 691 2693 Rege-st.
711 2659 734 2685 in
753 2659 859 2686 Archiv.
883 2659 939 2688 Vat.

1046 259 1225 284 BULLARIUM
1249 259 1400 284 ROMANUM

2008 258 2059 287 An.
2075 259 2104 287 C.
2121 259 2191 289 ¹568

1244 312 1459 345 conscientiae
1468 311 1595 355 prodigi
1604 322 1641 345 ae
1650 312 1802 356 propriae
1813 312 1926 346 salutis
1936 313 1995 346 im·
2034 321 2101 358 ςεωςε
2115 322 2194 344 concn-

1243 375 1414 406 mcmores‚
1433 370 1468 398 ut
1486 365 1640 398 faciliusa
1651 365 1744 398 nobis
1764 370 1796 398 et
1810 366 1891 400 Sede
1906 366 1993 411 Apo·
2009 356 2104 375 ‘mm‘

1244 418 1356 452 stolica
1388 418 1643 462 dispensationes
1677 418 1929 453 matrimoniales
1965 426 1996 454 et

1245 472 1321 504 alias
1344 472 1462 516 gratias
1486 477 1517 504 et
1544 471 1770 505 concessiones
1806 472 1994 514 obtineant,

1244 525 1363 569 gradus
1383 525 1672 568 consanguinitatis
1690 525 1737 558 vel
1758 524 1923 559 affinitatis
1941 531 1998 560 aut

1245 579 1443 622 cognationis
1454 578 1855 623 spiritualis,acscientiam
1864 579 1995 613 illorum

1245 632 1338 665 aliter
1360 643 1458 676 quam
1479 633 1526 666 eis
1545 643 1562 665 a
1581 631 1743 677 principio
1764 632 1804 665 ab
1823 632 1902 676 ipsis
1920 643 1996 677 par-

1245 686 1332 719 tibus
1365 685 1582 728 significatum
1609 687 1658 719 vel
1684 690 1853 719 narratum
1880 686 1995 728 fuerit,

1245 744 1421 782 exponunt,
1439 739 1505 772 etsi
1523 739 1728 773 matrimonia
1740 739 1927 773 huiusmodi
1941 740 1997 774 ad-

1245 793 1310 825 huc
1331 798 1495 826 contracta
1515 803 1580 826 non
1600 792 1731 834 suerint,
1748 803 1808 837 pro
1823 793 1997 828 contractis

1245 851 1391 886 narrant,
1413 857 1449 879 ac
1470 846 1548 879 alias
1563 846 1776 880 diversimode
1795 857 1904 880 veram
1921 848 1995 881 sacti

1246 899 1386 944 speciem
1401 926 1408 940 ‚
1439 905 1503 932 tam
1533 899 1566 932 in
1598 899 1675 944 ipsis
1702 900 1997 944 dispensationibus

1246 952 1551 994 matrimonialibus,
1570 964 1667 997 quam
1688 964 1747 997 pro
1772 953 1842 987 aliis
1865 954 1997 998 quibus-

1246 1017 1354 1049 cumq.
1368 1007 1478 1049 gratiis
1487 1012 1519 1040 et
1530 1006 1793 1040 concessionibus
1802 1007 1996 1049 obtinendis,

1246 1060 1429 1100 immutent3
1451 1065 1481 1093 et
1505 1065 1687 1104 propterea,
1715 1071 1790 1094 cum
1810 1071 1874 1095 non
1892 1061 1997 1095 solum

1246 1114 1279 1147 in
1299 1113 1581 1158 impetrationibus
1591 1114 1777 1148 huiusmodi
1791 1115 1911 1148 falsitas
1921 1126 1997 1149 nar-

1246 1172 1346 1209 retur,
1359 1179 1470 1201 verum
1487 1168 1582 1202 etiam
1594 1167 1626 1200 in
1637 1168 1781 1212 partibus
1792 1169 1997 1214 plerumque,

1245 1231 1305 1266 pro
1317 1221 1534 1255 velificatione
1544 1221 1719 1265 gratiarum
1735 1222 1935 1264 huiusmodi,
1947 1234 1998 1257 ve-

1246 1275 1323 1308 ritas
1343 1276 1533 1309 immutetur
1552 1281 1583 1308 et
1602 1275 1722 1309 salsitas
1742 1276 1974 1311 committatur.

1289 1330 1304 1373 ξ
1322 1329 1354 1363 9,.
1376 1330 1439 1363 Nos
1458 1329 1566 1372 igitur,
1589 1329 1775 1363 huiusmodi
1792 1330 1947 1364 abusibus
1967 1335 1998 1365 et

1246 1383 1410 1416 erroribus
1439 1383 1567 1417 obviare
1589 1383 1755 1428 cupientes
1770 1411 1778 1426 ,
1804 1389 1895 1418 motu
1918 1395 1997 1429 pro-

1246 1437 1329 1481 prio,
1351 1441 1423 1479 etc„
1450 1447 1561 1470 omnes
1586 1443 1616 1471 et
1635 1437 1778 1481 singulos
1802 1444 1997 1482 procurato-

1246 1502 1308 1531 reS,
1327 1497 1390 1524 tam
1411 1491 1507 1525 officii
1529 1502 1638 1524 sacrae
1657 1491 1925 1525 Poenitentiariae
1940 1503 1998 1526 seu

1245 1543 1521 1578 Contradictarum
1533 1571 1540 1585 ,
1558 1555 1654 1588 quam
1675 1544 1754 1578 alios
1773 1555 1998 1591 quoscumque

1245 1598 1468 1632 sollicitatores
1493 1603 1523 1631 ct
1547 1598 1736 1642 scriptores,
1758 1609 1840 1643 quos
1859 1599 1999 1644 copistas

1245 1657 1375 1693 vocant,
1402 1652 1457 1695 qui
1477 1651 1642 1685 veritatem
1663 1651 1737 1685 faeti
1760 1662 1779 1685 a
1796 1652 1995 1695 narratione,

1246 1716 1342 1750 quam
1362 1705 1401 1738 ab
1419 1705 1496 1749 ipsis
1515 1705 1660 1749 partibus
1678 1704 1873 1747 habuerunt,
1889 1708 1997 1750 quoad

1245 1759 1466 1793 substantialia
1475 1765 1503 1793 et
1516 1760 1685 1803 qualitates
1696 1760 1877 1796 necessario
1892 1762 1997 1806 expri-

1246 1814 1377 1848 mendas
1410 1813 1566 1848 diversam
1597 1814 1718 1847 faciunt
1731 1841 1738 1854 ‚
1772 1825 1829 1848 seu
1863 1825 1997 1861 quoquo

1246 1868 1341 1901 niodo
1362 1867 1522 1901 invertunt
1538 1872 1591 1900 aut
1604 1867 1787 1908 immutant,
1808 1868 1995 1912 depravant,

1246 1928 1276 1956 et
1295 1933 1354 1966 per
1373 1922 1615 1966 subreptionem
1633 1926 1663 1954 et
1682 1921 1906 1966 obreptionem
1926 1933 1998 1966 gra-

1245 1976 1304 2009 tias
1323 1987 1341 2009 a
1359 1976 1452 2009 nobis
1469 1980 1678 2019 extorquent,
1699 1986 1837 2019 poenam
1857 1976 1927 2010 falsi
1947 1975 1997 2010 in-

1247 2040 1378 2063 currere
1398 2034 1429 2062 et
1448 2040 1484 2062 ea
1510 2029 1619 2073 puniri
1648 2028 1780 2063 omnino
1800 2029 1917 2064 debere
1941 2030 1997 2064 de-

1248 2083 1410 2117 cernimus
1429 2088 1460 2116 et
1479 2083 1692 2117 declaramus.

1290 2138 1305 2181 ξ
1325 2136 1356 2171 3.
1380 2137 1562 2170 Mandantes
1581 2142 1754 2181 propterea
1782 2137 1886 2170 almae
1905 2136 1999 2171 Urbis
2047 2147 2194 2176 &equanam

1247 2190 1468 2234 gubernatori,
1487 2190 1628 2224 Camerre
1644 2190 1837 2234 Apostolicae
1856 2190 1998 2225 auditori
2011 2178 2108 2207 ‘mm‘

1248 2250 1278 2278 et
1296 2245 1426 2285 vicario,
1449 2250 1607 2288 quatenus
1627 2245 1658 2278 in
1677 2244 1862 2289 praemissis
1880 2255 1953 2279 reos
1968 2250 2000 2279 et

1248 2298 1426 2342 culpabiles
1446 2304 1592 2342 repertos
1611 2309 1715 2342 poena
1738 2297 1825 2339 salsi,
1846 2303 1883 2332 ut
1901 2309 1998 2343 prae-

1248 2352 1404 2393 mittitur,
1426 2352 1573 2396 puniant,
1594 2363 1667 2386 cum
1687 2357 1843 2396 potestate
1864 2351 1995 2394 citandi,

1248 2406 1342 2439 etiam
1363 2417 1421 2450 per
1438 2406 1591 2447 edictum,
1611 2406 1746 2440 constito
1762 2406 1938 2441 summarie
1957 2407 1998 2441 de

1247 2466 1313 2488 non
1332 2461 1401 2489 tuto
1426 2467 1556 2489 accessu
1572 2483 1580 2496 ‚
1602 2456 1727 2500 aliaque
1747 2455 1876 2489 dicendi
1900 2461 1931 2490 et
1949 2457 1996 2490 sa-

1249 2504 1352 2538 ciendi
1373 2505 1405 2538 in
1424 2505 1608 2549 praemissis
1627 2504 1808 2539 necessaria
1827 2515 1883 2539 seu
1913 2515 1996 2549 quo-

1249 2553 1424 2587 modolibet
1443 2560 1637 2598 opportuna.

1292 2602 1307 2645 g
1325 2602 1356 2634 4.
1379 2602 1448 2635 Non
1468 2603 1666 2636 obstantibus
1678 2602 1861 2646 praemissis
1881 2602 1997 2637 consti·
2048 2614 2140 2651 »grogn
2155 2615 2194 2637 ob-

1248 2651 1426 2685 tutionibus
1453 2658 1484 2686 et
1516 2652 1772 2687 ordinationibus
1798 2651 1995 2696 apostolicis,
2009 2646 2122 2673 ⁸²⁰¹¹¹²¹¹³¹

2044 1341 2117 1363 Poena
2145 1341 2192 1363 tut-i

2011 1378 2061 1395 reos
2091 1374 2194 1401 praeripit

2011 1405 2088 1434 puntrt;
