2237 3100
17 282 66 309 An.
83 280 110 307 C.
130 280 198 307 ¹562

65 337 196 359 obstantium

14 368 129 394 derogatio.

25 1678 128 1700 Buunctai
146 1685 184 1700 su-

0 1710 182 1737 pertorestneras.

25 1843 142 1864 Ordinariis
150 1845 183 1865 dat

0 1873 118 1895 facultatem
135 1881 185 1902 pro-

0 1906 89 1926 cedendi
110 1909 183 1926 contra

0 1937 154 1958 inobedientes.

878 278 946 302 PIUS
969 277 999 301 tv
1024 278 1070 301 Pr.

209 331 317 365 busvis
346 330 627 365 constitutionibus
647 337 674 363 et
705 330 960 363 ordinationibus

209 384 402 429 apostolicis,
425 395 551 417 necnon
568 385 741 424 civitatum,
763 384 958 424 dioecesum,

208 439 487 475 monasteriorum,
499 438 654 471 Ordinum
671 443 701 471 et
710 439 858 471 locorum
870 449 959 482 prae-

208 493 380 533 dictorum,
403 491 496 525 etiam
508 492 701 531 iuramento,
714 492 958 525 confirmatione

207 546 382 591 apostolica
406 546 453 579 vel
472 546 582 590 quavis
608 546 756 579 firmitate
782 545 842 578 alia
862 546 957 578 roho-

206 600 295 639 ratis,
317 600 441 633 statutis
461 605 491 633 ct
510 600 810 639 consuetudinilms,
829 599 957 643 privile-

206 654 266 698 giis
285 664 427 698 quoque,
450 652 581 686 indultis
602 658 629 685 et
655 652 757 685 literis
776 652 958 696 apostolicis

205 708 268 742 illis
286 707 529 750 quomodolibet
554 707 712 740 concessis
736 711 766 739 et
786 706 957 739 confirma-

205 763 256 804 tis3
274 762 391 805 quibus
413 756 575 800 omnibus,
594 771 708 793 eorum
724 766 851 793 tenores
867 771 958 803 prae-

205 815 348 849 sentibus
363 825 421 859 pro
442 814 640 847 sufficienter
659 814 816 857 expressis
835 814 956 846 haben-

204 874 262 909 tes,
284 867 347 901 illis
366 867 443 901 alias
464 867 495 900 in
515 878 574 901 suo
594 867 711 900 robore
723 867 954 910 permansuris,

203 924 265 956 hac
280 922 347 955 vice
367 921 541 961 dumtaxat,
565 920 747 965 specialiter
763 925 793 953 et
808 931 956 964 expresse

203 977 407 1020 derogamus,
430 974 610 1019 ceterisque
631 973 801 1008 contrariis
820 974 955 1018 quibus-

203 1040 357 1072 cumque.

243 1083 360 1116 Datum
385 1082 505 1115 Romae
530 1081 617 1125 apud
637 1081 790 1115 Sanctum
814 1081 955 1121 Petrum,

201 1137 260 1170 sub
281 1136 401 1169 annulo
423 1134 604 1175 Piscatoris,
627 1134 678 1167 die
697 1134 956 1178 vigesimaprima

199 1189 285 1229 maii,
297 1189 468 1222 millesimo
487 1187 744 1232 quingentesimo
760 1188 955 1230 sexagesimo

201 1243 364 1283 secundo,
387 1241 592 1286 pontificatus
612 1241 713 1274 nostri
737 1251 822 1274 anno
846 1241 951 1275 tertio.

238 1302 299 1332 Dat.
323 1302 370 1331 die
392 1301 427 1330 21
456 1300 524 1330 maii
550 1299 636 1336 1562,
652 1299 755 1338 pontis.
778 1309 854 1329 anno
874 1308 914 1329 111.

406 1403 559 1447 Sequitur
577 1402 752 1436 declaratio

304 1457 451 1501 superius
471 1457 574 1490 editae
594 1456 844 1489 constitutionis.

239 1538 302 1566 Pius
322 1538 393 1574 Papa
409 1537 451 1570 lv,
472 1538 506 1565 ad
521 1537 651 1565 futuram
672 1537 713 1565 rei
735 1537 905 1565 memoriam.

241 1614 257 1658 ἓ
273 1614 304 1647 t.
331 1613 417 1646 Alias
437 1618 629 1647 emanarunt
649 1623 667 1645 a
682 1612 775 1646 nobis
794 1613 906 1646 literae
922 1613 954 1646 in

196 1667 300 1701 forma
310 1667 423 1708 brevis,
431 1667 552 1701 tenoris
565 1666 798 1711 subsequentis,
809 1666 955 1701 videlicet

198 1721 281 1755 Pae
301 1726 358 1755 etc.

242 1775 257 1819 ἓ
277 1775 307 1808 2.
330 1775 480 1808 Volentes
499 1779 620 1815 autem,
642 1784 700 1818 per
720 1779 849 1807 nostrae
866 1774 953 1807 solli-

198 1828 350 1862 citudinis
360 1827 566 1872 vigilantiam,
583 1827 615 1860 in
623 1827 807 1872 praemissis
818 1828 953 1871 diligen-

197 1882 261 1916 tius
290 1888 320 1916 et
349 1882 511 1916 efficacius
543 1882 712 1927 providere
740 1893 781 1915 ne
810 1882 954 1926 episcopi

199 1936 353 1979 titulares,
370 1937 403 1970 in
423 1937 631 1981 praeinsertis
659 1937 760 1970 literis
788 1937 953 1978 nominati,

197 1991 332 2036 aliquid,
354 1992 449 2026 etiam
474 1997 602 2036 praeter
627 1997 766 2025 mentem
787 2003 823 2025 ac
843 1993 954 2025 volun-

196 2051 293 2080 tatem
313 2052 456 2080 nostram
476 2052 506 2080 et
526 2057 632 2080 sacras
651 2046 908 2087 constitutiones,
921 2047 953 2080 in

197 2101 405 2136 ecclesiastici
421 2101 543 2135 ordinis
564 2101 720 2135 iacturam
733 2107 761 2135 et
777 2101 952 2135 detrimen-

196 2162 277 2196 tum,
300 2160 455 2189 attentare
480 2167 536 2189 seu
564 2166 773 2200 praesumere
794 2156 950 2189 audeant:

196 2215 287 2244 motu
308 2214 338 2243 et
358 2209 489 2243 scientia
510 2210 679 2250 similibus,
703 2209 789 2253 quod
810 2210 953 2254 episcopi

195 2264 341 2297 titulares
351 2264 485 2308 praefati
497 2264 630 2307 posthac
646 2264 753 2296 nullos
770 2269 860 2297 actus
871 2275 952 2308 pon-

197 2316 332 2352 tificales
361 2327 530 2357 exercere,
558 2327 665 2360 neque
691 2317 821 2350 ordines
845 2328 953 2350 sacros

196 2377 252 2405 aut
279 2371 422 2405 minores
450 2381 509 2404 nec
530 2370 624 2403 etiam
651 2370 788 2414 primam
819 2371 952 2405 clerica-

195 2427 258 2460 lem
279 2430 443 2458 tonsuram
465 2424 617 2468 cuiquam
643 2425 789 2458 conferre
814 2425 949 2469 possint,

196 2481 260 2509 tam
273 2475 503 2519 temporibusa
523 2474 593 2507 iure
615 2473 739 2507 statutis
757 2485 854 2517 quam
866 2480 952 2509 extra

195 2524 265 2569 ipsa
294 2530 451 2568 tempora,
471 2534 537 2557 non
558 2524 660 2557 solum
692 2523 837 2568 personis
866 2530 896 2557 et
920 2525 951 2557 in

195 2573 276 2607 locis
296 2573 446 2607 subiectis
456 2572 697 2606 dioecesanisin
714 2583 853 2617 quorum
875 2573 952 2607 dioe—

198 2623 262 2658 cesi
274 2633 332 2667 pro
343 2628 489 2667 tempore
506 2622 695 2663 resederint,
710 2622 763 2656 sed
782 2633 840 2657 nec
856 2623 950 2657 etiam

199 2671 268 2707 aliis
297 2673 463 2718 personis,
489 2683 571 2717 quae
600 2671 639 2706 ad
668 2672 756 2705 illam
781 2671 952 2707 dioecesim

1646 267 1708 301 199

1002 340 1075 362 curn
1096 329 1223 363 licentia
1242 329 1366 374 proprii
1391 329 1545 362 ordinarii
1575 340 1630 362 seu
1657 339 1753 373 supe-

1001 383 1095 416 rioris
1120 383 1260 416 venirent
1292 389 1322 416 et
1347 388 1492 426 peterent
1517 394 1549 416 se
1572 384 1754 427 promoveri

1001 442 1055 469 aut
1079 436 1242 478 ordinari,
1265 436 1325 470 nisi
1351 436 1458 469 habita
1484 436 1573 481 prius
1608 447 1755 480 expressa

1001 491 1128 523 licentia
1157 491 1299 534 episcopi
1319 491 1367 524 vel
1388 490 1456 523 cius
1475 490 1584 524 vicarii
1606 491 1636 523 in
1663 490 1756 525 cuius

1000 543 1138 577 dioecesi
1173 544 1311 585 suerint,
1344 544 1467 577 etiamsi
1497 545 1529 577 in
1560 545 1754 578 monasterio

1000 598 1047 630 vel
1068 598 1139 631 loco
1160 599 1281 631 nullius
1309 598 1464 632 dioecesis
1488 609 1544 631 seu
1574 599 1755 641 quomodo-

1000 651 1073 683 libet
1109 658 1255 695 exempto
1289 652 1389 685 dictos
1427 657 1517 685 actus
1557 652 1756 695 pontificales

1000 715 1161 742 exercere,
1184 711 1236 738 aut
1259 705 1388 739 ordines
1408 711 1435 739 et
1458 712 1625 739 tonsuram
1641 706 1755 739 huius-

1001 758 1085 790 modi
1115 759 1261 792 conferre
1282 759 1415 797 vellen12
1439 760 1591 803 quodque
1621 760 1646 793 si
1680 760 1755 794 dicti

1000 811 1143 855 episcopi
1174 812 1319 845 titulares
1354 813 1603 846 contrafecerint
1617 840 1624 854 ,
1656 819 1686 847 et
1723 815 1755 848 in

999 865 1183 908 praemissis
1198 876 1263 898 non
1284 866 1452 909 paruerint
1466 867 1515 899 vel
1531 867 1563 899 in
1585 867 1630 900 eis
1646 878 1754 902 exces-

999 918 1109 958 serint,
1132 918 1274 962 episcopi
1296 919 1449 952 ordinarii
1471 931 1527 953 seu
1552 920 1683 954 illorum
1709 922 1754 955 vi-

999 971 1076 1005 carii
1096 977 1260 1016 tamquam
1281 972 1417 1015 delegati
1443 973 1532 1006 Sedis
1551 973 1754 1017 Apostolicae‚

999 1030 1109 1057 contra
1130 1036 1184 1058 eos
1203 1026 1242 1058 ad
1263 1025 1481 1069 suspensionis
1506 1027 1545 1059 ab
1566 1037 1680 1060 eorum
1701 1039 1754 1061 or-

999 1078 1128 1111 dinibus
1137 1079 1175 1112 ad
1184 1084 1311 1122 tempus
1320 1079 1379 1112 sibi
1391 1080 1473 1112 bene
1484 1079 1600 1121 visum,
1612 1091 1751 1123 necnon,

998 1131 1129 1165 illorum
1148 1132 1305 1165 crescenti
1321 1132 1535 1173 contumacia,
1548 1133 1587 1166 ad
1607 1134 1754 1178 privatio-

998 1185 1046 1217 nis
1063 1186 1208 1218 omnium
1230 1192 1259 1220 et
1280 1186 1483 1230 singulorum
1504 1187 1751 1229 beneficiorum,

997 1249 1056 1282 per
1080 1250 1134 1273 eos
1168 1251 1205 1272 ex
1234 1240 1471 1284 dispensatione
1498 1241 1674 1284 apostolica
1698 1253 1753 1275 seu

997 1291 1074 1325 alias
1098 1293 1342 1336 quomodolibet
1361 1294 1579 1335 obtentorum,
1600 1306 1637 1328 ac
1657 1295 1753 1329 etiam

998 1347 1201 1389 pecuniarias
1212 1347 1344 1381 arbitrio
1356 1348 1501 1392 ipsorum
1513 1349 1753 1383 ordinariorum

997 1410 1053 1432 seu
1068 1400 1264 1434 vicariorum
1285 1400 1474 1444 infligendas
1494 1408 1524 1435 et
1545 1402 1754 1446 applicandas

996 1463 1129 1496 poenas,
1152 1455 1339 1498 procedere,
1357 1461 1385 1488 et
1402 1465 1457 1488 eos
1476 1466 1493 1488 a
1513 1455 1578 1489 suis
1598 1456 1753 1490 dioecesi-

996 1506 1057 1539 bus
1076 1508 1235 1552 expellere
1254 1509 1356 1542 liberc
1377 1515 1407 1542 et
1430 1509 1517 1543 licite
1536 1510 1673 1551 valeant,
1693 1521 1753 1545 nec

997 1559 1042 1592 illi
1062 1560 1094 1593 in
1115 1562 1316 1595 monasteriis
1340 1568 1393 1595 aut
1418 1562 1498 1596 locis
1522 1563 1677 1607 exemptis
1704 1565 1753 1598 vel

996 1614 1118 1647 nullius
1137 1615 1302 1656 dioecesis,
1314 1627 1396 1660 quae
1408 1616 1583 1650 consistant.
1602 1617 1686 1651 intra
1705 1618 1752 1663 ip-

997 1679 1106 1701 sorum
1122 1669 1362 1703 ordinariorum
1379 1670 1562 1711 dioecesim,
1574 1672 1622 1704 vel
1635 1671 1663 1705 ei
1673 1683 1751 1706 con-

997 1722 1084 1765 tigua
1104 1723 1177 1763 sint⁷
1200 1724 1267 1757 sine
1297 1724 1509 1768 permissione
1537 1725 1680 1770 episcopi
1704 1727 1751 1760 vel

996 1775 1065 1809 eius
1083 1776 1192 1810 vicarii
1212 1778 1410 1819 huiusmodi,
1426 1783 1520 1819 stare,
1537 1779 1683 1814 habitare
1695 1791 1750 1814 seu

996 1841 1119 1863 moram
1140 1832 1267 1865 trahere
1287 1833 1354 1866 ullo
1375 1833 1472 1866 modo
1493 1833 1625 1877 possint,
1644 1840 1752 1868 aucto-

996 1884 1087 1918 ritate
1107 1886 1300 1929 apostolica,
1322 1892 1433 1920 tenore
1454 1887 1685 1931 praesentium,
1713 1888 1752 1920 si-

996 1939 1115 1972 militer
1139 1941 1320 1979 statuimus,
1352 1941 1558 1975 decernimus
1578 1947 1672 1986 atque
1698 1943 1751 1976 de-

996 1993 1168 2027 clm-amus.

1039 2048 1054 2090 ἓ
1073 2046 1103 2081 3.
1133 2047 1328 2089 lnhibentes,
1347 2048 1406 2081 sub
1426 2048 1645 2092 suspensionis
1665 2061 1682 2082 a
1702 2049 1750 2082 di-

995 2101 1074 2134 vinis
1098 2107 1129 2135 et
1148 2102 1489 2136 excommunicationis
1508 2103 1643 2147 aliisque
1668 2103 1751 2136 arbi-

995 2155 1046 2189 trii
1067 2156 1166 2189 nostri
1188 2156 1310 2200 poenis,
1327 2156 1447 2189 eisdem
1464 2157 1625 2202 episcopis
1645 2157 1750 2191 titula-

995 2209 1095 2246 ribus,
1118 2221 1171 2248 ne,
1198 2210 1311 2253 quovis
1340 2216 1507 2254 praetextu
1527 2216 1581 2244 aut
1603 2211 1749 2255 quaesito

995 2265 1117 2303 colore,
1143 2264 1219 2297 huic
1244 2270 1372 2304 statuto,
1398 2265 1528 2297 decreto
1553 2270 1581 2298 et
1603 2265 1748 2298 declara-

995 2318 1073 2350 tioni
1093 2329 1131 2351 ac
1148 2317 1372 2362 praesentibus
1392 2317 1492 2351 literis
1512 2318 1628 2351 nostris
1649 2318 1680 2351 in
1693 2318 1748 2352 ali-

994 2383 1059 2415 quo
1084 2372 1246 2405 ullatenus
1271 2372 1490 2405 contrafacere
1507 2383 1562 2405 seu
1584 2377 1747 2406 contrave-

995 2425 1064 2458 nire
1084 2425 1221 2458 audeant
1244 2426 1291 2458 vel
1313 2431 1531 2468 praesumant.

1038 2474 1098 2517 §4
1128 2475 1344 2508 Decerneutes
1380 2474 1593 2519 nihilominus
1617 2475 1746 2508 irritum

995 2529 1023 2557 et
1046 2524 1150 2564 inane,
1173 2524 1196 2556 si
1225 2535 1317 2557 secus
1347 2535 1444 2568 super
1463 2524 1513 2557 his
1540 2525 1581 2557 ab
1608 2524 1671 2557 illis
1691 2536 1746 2558 seu

995 2584 1108 2607 eorum
1130 2574 1239 2617 aliquo
1259 2573 1388 2607 fierivel
1404 2574 1550 2607 attentari
1563 2574 1742 2617 contigerit.

993 2623 1061 2655 Non
1083 2623 1284 2656 obstantibus
1304 2622 1588 2656 constitutionibus
1613 2628 1643 2656 et
1662 2622 1746 2656 ordi-

994 2671 1179 2705 nationibus
1197 2672 1381 2716 apostolicis
1400 2683 1436 2706 ac
1453 2672 1617 2716 quibusvis
1631 2671 1742 2714 literis,

1769 278 1817 303 An.
1835 277 1863 303 C.
1881 278 1948 304 ¹562

1791 2072 1861 2092 Novas
1874 2075 1952 2093 coutu-

1764 2103 1857 2123 macilius
1875 2103 1951 2129 infligit

1765 2140 1835 2161 μωρὰς
1844 2134 1948 2156 Pontifex⁴

1761 2492 1870 2513 Contraria
1882 2492 1934 2513 tollit
1983 2517 1987 2521 .
