2237 3100
219 257 267 284 Au.
286 257 313 285 C.
333 257 399 285 156&

457 246 521 283 348

414 316 565 344 stratores
603 315 634 343 et
667 314 849 349 exactores,
889 307 1000 351 quovis
1033 307 1164 340 nomine

415 369 657 408 nuncupentur,
676 364 714 397 de
731 369 838 396 cetero
858 362 998 395 rationes
1015 366 1046 394 et
1074 371 1162 394 com-

415 424 492 461 puta
516 418 610 451 modo
631 422 661 450 et
685 418 787 450 forma
812 415 1024 459 infrascriptis
1049 415 1079 447 in
1110 425 1162 448 ea-

414 472 486 503 dem
507 471 640 504 Camera
667 470 821 509 reddere,
853 479 954 512 eaque
982 479 1056 501 vera
1095 479 1162 501 esse

415 535 473 557 nec
492 524 611 557 habere
624 524 745 557 diversa
762 523 869 556 iurare
885 522 1018 555 omnino
1034 527 1163 555 tenean-

415 584 478 617 tur,
507 588 711 621 quacumque
737 576 969 610 consuetudine
994 576 1163 619 hucusque

414 637 544 671 servata,
573 626 655 675 quae
684 631 791 674 potius
816 630 999 674 corruptela
1021 635 1066 663 est
1086 641 1162 663 cen-

413 684 522 724 senda,
544 685 775 718 nonobstante.
790 684 853 717 Nec
864 683 1035 728 quispiam,
1054 684 1162 717 cuius-

413 748 552 781 cumque
573 739 691 781 gradus
711 743 741 771 et
761 737 954 771 conditionis
974 737 1100 778 existat,
1123 738 1161 771 ad

414 791 552 824 rationes
576 792 755 835 praedictas
787 791 966 825 afferendas
994 790 1162 824 iurandas-

412 856 474 888 que
486 856 545 889 per
554 851 810 889 procuratolem,
831 845 856 878 si
868 855 1020 889 praesens
1036 844 1067 877 in
1078 844 1163 877 Urbc

414 899 520 939 fuerit,
550 899 603 931 sed
630 909 688 943 per
708 899 849 943 seipsum
869 903 994 931 tantum
1015 897 1162 931 admitta-

414 957 475 984 tur.
506 952 658 986 Absentes
682 964 756 985 vcro
777 958 805 985 et
827 951 882 995 qui
902 951 1087 985 infirmitate
1109 956 1164 984 aut

413 1005 598 1039 carceribus
632 1016 687 1039 seu
721 1006 829 1049 aliquo
864 1006 1008 1049 legitimo
1044 1006 1163 1038 fuerint

413 1059 643 1103 impedimento
663 1060 802 1101 detenti,
828 1070 888 1103 per
908 1070 1020 1092 eorum
1042 1070 1161 1103 procu-

413 1118 550 1145 ratorem
572 1113 711 1157 speciale
732 1113 770 1146 ad
787 1113 817 1146 id
839 1113 1026 1145 mandatum
1042 1113 1162 1146 haben-

413 1172 487 1207 tem,
516 1166 619 1199 eidem
642 1167 822 1199 iuramento
843 1167 1094 1210 adstringantur⁴
1127 1167 1164 1199 Et

412 1220 622 1253 nibilominus
651 1220 691 1253 ad
720 1231 773 1253 eos
798 1220 842 1253 sic
868 1220 1056 1264 impeditos,
1084 1220 1108 1252 si
1131 1220 1161 1252 iu

413 1274 494 1305 l'rbo
513 1273 642 1313 fuerint,
665 1274 810 1307 notarius
830 1274 982 1307 Gamerae
1003 1273 1158 1309 mittatur,

410 1327 464 1369 qui
486 1327 525 1359 ab
550 1327 594 1359 eis
619 1338 748 1371 quoque
778 1328 882 1360 simile
911 1327 1042 1371 recipiat
1075 1327 1161 1359 iura-

412 1386 567 1421 mentum,
601 1381 639 1413 de,
669 1392 733 1424 quo
767 1381 861 1414 etiam
889 1392 997 1414 coram
1031 1380 1162 1413 testibus

410 1446 538 1478 ,ει-11111111·
558 1440 699 1477 rogetur.

1008 253 1186 279 BULLARIUM
1210 252 1361 277 ROMANUM

1207 306 1254 338 vel
1288 304 1477 337 membrana
1511 310 1700 348 coopertum
1730 305 1865 338 habeant
1883 331 1889 344 ,
1926 304 1957 337 in

1206 369 1271 402 quo
1291 357 1454 402 aliquibus
1473 368 1510 391 ex
1530 357 1642 401 primis
1662 359 1744 392 foliis
1764 360 1795 392 in
1817 359 1897 392 albis
1912 359 1958 392 di-

1208 412 1323 451 missis,
1346 412 1534 445 facultatum
1560 412 1668 446 literas
1686 440 1693 453 ‚
1724 414 1871 446 mandata
1909 418 1956 446 at-

1206 477 1268 509 que
1307 465 1462 509 rescripta
1501 477 1745 511 quaecumque,
1773 473 1957 501 contractus

1206 519 1344 562 denique
1366 519 1450 563 ipsos
1470 520 1508 552 ad
1534 521 1679 561 verbum,
1706 521 1824 564 quibus
1846 522 1957 554 huius-

1206 573 1292 605 modi
1318 583 1415 606 curae
1442 579 1469 606 et
1502 574 1658 608 exactioni
1692 575 1865 619 praepositi
1904 575 1958 608 ad-

1207 626 1474 660 ministrationem
1496 627 1597 670 ipsam
1610 629 1775 671 gesserint,
1803 620 1956 662 transcriss

1205 681 1293 721 bere,
1308 680 1461 713 etdeinde
1478 681 1618 715 rationes
1627 682 1722 726 ipsas,
1736 683 1832 716 modo
1848 689 1877 717 et
1894 684 1956 716 sor-

1206 745 1257 767 ma
1278 734 1501 778 infrascriptis,
1524 736 1739 778 conscribere,
1763 742 1791 770 et
1812 737 1954 771 conscri-

1206 792 1274 831 ptas
1290 788 1384 821 edere
1396 792 1577 822 teneantur.
1596 789 1735 829 Quilibet
1750 792 1955 835 postmodum

1206 853 1222 873 a
1239 841 1363 874 notario
1386 842 1550 884 Gamerae,
1572 848 1608 876 ut
1627 844 1726 877 moris
1746 850 1801 885 est,
1819 845 1955 890 rec‘ipia-

1206 901 1269 928 tur.
1292 895 1329 928 Et
1350 895 1455 939 primo
1484 896 1556 929 albo
1577 898 1671 938 folio,
1703 898 1888 932 nominibus
1903 899 1957 932 ad-

1206 943 1473 990 ministratorum,
1510 951 1795 985 administrationis
1822 962 1954 996 genere,

1206 1003 1365 1035 rationum
1387 1003 1558 1046 qualitate,
1590 1005 1756 1049 temporis,
1792 1016 1856 1048 quo
1886 1006 1956 1040 red-

1205 1057 1337 1097 duntur,
1361 1057 1463 1100 spatio
1484 1063 1514 1090 et
1534 1058 1742 1092 iurisiurandi
1765 1060 1952 1100 substantia,

1204 1110 1406 1143 brevioribus
1425 1111 1528 1144 verbis
1549 1111 1777 1145 inscribantur.
1813 1113 1850 1146 Et
1879 1114 1954 1146 suh-

1205 1169 1378 1206 sequenter
1387 1165 1573 1207 praesidens
1588 1166 1860 1207 etthesaurarius,
1877 1166 1955 1210 quid

1205 1228 1262 1260 per
1289 1217 1423 1250 clericos
1457 1218 1579 1251 iudices
1616 1219 1646 1251 in
1681 1219 1726 1252 eis
1754 1220 1954 1253 animadver-

1205 1271 1335 1303 tendum
1357 1271 1406 1311 sit,
1430 1271 1595 1312 adnotare„
1618 1278 1648 1305 et.
1673 1273 1894 1307 adnotationes
1910 1273 1956 1316 ip-

1204 1334 1253 1356 sas
1274 1335 1369 1357 manu
1392 1336 1505 1358 eorum
1526 1326 1657 1371 propria
1678 1326 1882 1361 subscribere
1902 1327 1956 1360 dc-

1205 1378 1308 1411 beant.

1248 1434 1262 1473 ᾗ
1283 1432 1337 1465 att.
1360 1432 1393 1465 Et
1418 1439 1451 1465 ut
1468 1433 1535 1476 ipsa
1552 1433 1712 1467 rationum
1726 1435 1863 1468 redditio
1880 1434 1955 1467 fari-

1972 246 2020 273 An.
2039 226 2071 273 cs
2088 245 2155 273 15611

1984 1437 2094 1458 Rationum
2103 1439 2154 1459 red-

1204 1485 1274 1518 liori
1310 1486 1491 1526 cognitione
1527 1487 1741 1530 transigatur,
1776 1498 1955 1532 carumque
1970 1469 2156 1522 ἶὲῗῆιηῗιὲιεῇθ

1203 1539 1413 1573 consolidatio
1448 1552 1576 1584 semper
1608 1547 1635 1574 et
1660 1541 1779 1585 ubique
1810 1542 1892 1575 iusta
1925 1547 1955 1575 ct

454 1488 541 1529 §att
572 1488 720 1521 llationcs
753 1499 826 1521 vero
854 1488 924 1521 illas
954 1488 1073 1521 iuratas
1103 1498 1160 1520 no-

224 1542 510 1574 Qfflffl¹²¹¹⁵1¹¹¹⁰<tarius
544 1542 610 1586 ipse
632 1548 762 1585 rogatus
797 1543 835 1575 ad
862 1543 1075 1575 calculatores
1104 1552 1158 1574 sou

213 1578 307 1596 notarius
319 1578 343 1597 ad
355 1577 395 1596 r-il-

236 1872 331 1893 metio—us
357 1878 393 1892 eas

211 1905 296 1925 solidet.
335 1910 393 1930 prac-

210 1939 270 1955 sente
298 1937 393 1955 rutrum,

211 1968 265 1986 sario

213 1607 319 1628 tutantes
340 1608 395 1627 «ιώ»
411 1601 650 1640 computatores
667 1607 777 1629 rerum
799 1596 950 1629 Gamerae
977 1596 1081 1629 statim
1105 1596 1160 1628 de-

411 1652 502 1691 ferat,
524 1656 558 1683 ut
575 1650 647 1683 inde
674 1651 714 1683 ab
735 1650 781 1683 cis
810 1650 848 1683 ad
873 1650 1110 1694 praesidentem
1131 1655 1161 1682 et

411 1704 646 1737 thesaurarium
667 1704 909 1748 quamprimum
938 1708 1107 1747 portentur
1131 1709 1157 1737 et

410 1758 558 1791 celeriter
577 1758 803 1791 discutiantur.

452 1812 466 1853 ξ
490 1812 544 1845 37.
572 1812 651 1846 Cum
677 1823 751 1845 vero
772 1811 910 1845 clericus
935 1811 1158 1844 solidationem

409 1872 651 1910 eomputoiatm,
682 1876 764 1909 quac
791 1866 822 1898 in
856 1865 1006 1898 domibus
1027 1865 1160 1897 clerico-

410 1930 481 1951 rum
502 1919 571 1952 fleri
592 1920 704 1957 solent,
726 1919 855 1963 aggredi
877 1919 1024 1959 voluerit,
1047 1918 1158 1951 Came-

409 1984 461 2005 rae
483 1973 741 2006 commissarium
763 1973 801 2006 ad
830 1973 1084 2005 i11te1¹‹:·ssemliuu
1108 1984 1158 2003 so-

409 2027 551 2060 lidationi
576 2027 761 2060 huiusmodi
784 2026 916 2059 omnino
942 2026 1032 2059 citari
1055 2027 1159 2059 faceri·

409 2086 567 2121 teneatur,
590 2092 626 2114 ac
647 2082 678 2114 in
700 2081 835 2124 ipsomet
858 2080 986 2113 decreto
1011 2080 1160 2112 commis-

407 2134 505 2168 sionis
534 2135 732 2168 solidationis
758 2140 825 2178 post
848 2133 1087 2177 deputationem
1110 2134 1158 2167 iu-

407 2188 514 2220 dicum
541 2200 689 2232 exprcsse
709 2188 781 2221 addi
803 2188 927 2220 debeat.
964 2187 1040 2227 Qui,
1070 2199 1158 2220 rom-

409 2242 553 2275 missario
575 2243 717 2286 praefato
746 2243 840 2275 citato
867 2247 894 2275 et
916 2247 1097 2285 praesente,
1120 2242 1157 2274 ad

408 2302 634 2340 computorum
657 2295 879 2329 solidationem
910 2296 1097 2339 procedant,
1130 2300 1156 2328 et

407 2350 527 2393 absque
545 2350 629 2384 dicto
651 2350 886 2390 commissario,
908 2361 1004 2393 quem
1027 2350 1158 2382 omnino

409 2415 534 2447 ,semper
553 2404 676 2444 adesse,
699 2404 757 2437 sub
778 2415 883 2447 poena
903 2404 1090 2448 privationis
1111 2405 1158 2437 of—

410 2453 483 2493 licii,
514 2454 715 2494 mandamus,
750 2464 814 2486 non
846 2453 945 2496 possit
974 2453 1041 2484 ullo
1063 2452 1158 2484 modo

410 2503 511 2535 ullave
532 2502 562 2534 in
585 2514 679 2535 causa
700 2503 739 2535 ad
755 2502 977 2535 solidationem
995 2501 1155 2533 devenire.

453 2551 540 2593 §.⁹38.
570 2551 687 2584 Omnes
719 2557 826 2583 autem
864 2562 971 2583 rerum
1006 2550 1157 2582 Gamerae

233 2615 393 2634 Admitti-nau»
410 2593 634 2640 conductores,
657 2600 859 2642 aliarumque
885 2599 1159 2632 administratores

212 2651 246 2665 ies
262 2646 336 2665 librum
365 2648 394 2665 tr-

211 2680 273 2697 uoaut
290 2680 318 2695 etr

409 2654 437 2680 et
472 2649 683 2693 pecuniarum
725 2654 888 2682 exactores
917 2648 1035 2681 librum
1067 2647 1155 2679 corio

1204 1593 1305 1625 tidelis
1333 1599 1501 1636 appareat,
1537 1595 1622 1638 quod
1654 1595 1839 1629 huiusmodi
1862 1596 1955 1629 ratio-

1204 1658 1280 1679 num
1302 1647 1543 1681 iustilicationcs
1565 1649 1594 1680 111
1616 1650 1745 1689 eodem,
1771 1650 1795 1682 si
1817 1649 1846 1682 id
1868 1661 1955 1682 com-

1204 1701 1296 1733 mode
1318 1702 1386 1734 lieri
1416 1702 1548 1745 poterit,
1575 1703 1622 1735 sin
1640 1709 1758 1744 autem,
1780 1704 1810 1736 in
1832 1704 1894 1737 alio
1915 1703 1953 1735 li-

1203 1755 1273 1792 bro,
1295 1755 1334 1787 ab
1355 1766 1404 1796 co,
1428 1756 1481 1799 qui
1504 1756 1572 1789 illas
1593 1757 1778 1790 redditurus
1794 1763 1851 1797 est,
1875 1756 1954 1799 regi-

1203 1814 1356 1849 strentur,
1379 1815 1409 1841 et
1440 1810 1478 1842 ad
1508 1810 1640 1843 verbum
1668 1811 1780 1844 literae
1808 1822 1844 1844 ae
1867 1822 1954 1844 man-

1203 1863 1274 1895 data
1314 1863 1485 1896 ‹Jaineralia
1518 1875 1762 1908 quaecumque,
1804 1864 1882 1898 fides
1918 1875 1954 1897 ac

1202 1916 1415 1950 instrumenta
1436 1922 1466 1950 et
1486 1917 1630 1960 reliquae
1647 1929 1760 1951 omnes
1775 1918 1954 1962 scripturae

1201 1966 1239 1998 ad
1262 1977 1329 1998 rem
1353 1966 1548 2010 pertinentes
1574 1967 1843 2007 transcribantur,
1866 1973 1896 2000 et
1916 1967 1953 2000 ad

1202 2025 1313 2047 earum
1335 2015 1477 2057 singulas
1497 2015 1642 2058 singulae
1669 2016 1808 2048 rationes
1829 2021 1859 2048 et
1880 2026 1953 2059 par-

1203 2064 1319 2097 ticulae
1349 2075 1405 2097 seu
1436 2065 1571 2108 partitae
1606 2066 1800 2106 reserantur,
1829 2064 1953 2098 adiecto

1204 2114 1381 2157 uuicuique
1406 2125 1518 2147 carum
1559 2114 1634 2147 folio
1649 2141 1656 2155 ,
1693 2125 1819 2148 necnon
1858 2113 1952 2148 citato

1202 2163 1344 2195 ciusdem
1358 2163 1428 2195 libri
1448 2164 1632 2196 rliartartuu
1655 2175 1804 2203 numero,
1823 2174 1888 2207 quo
1907 2163 1951 2195 iu-

1202 2211 1350 2243 stificatio
1372 2212 1530 2254 quaelibet
1554 2213 1714 2257 descripta
1727 2211 1831 2246 fuerit.
1857 2213 1951 2255 Isque

1202 2261 1293 2301 liber,
1314 2273 1386 2294 (11111
1413 2262 1513 2295 alivi-0
1530 2263 1724 2305 proseratur,
1745 2268 1775 2295 et
1795 2263 1834 2295 ab
1851 2262 1951 2306 ipsius

1201 2309 1352 2343 (latuerat)
1370 2312 1740 2355 eoniputt‘itorelegatur,
1759 2317 1785 2344 ot
1805 2322 1877 2343 cum
1891 2311 1951 2343 ori-

1201 2360 1361 2399 ginalibus
1382 2360 1562 2403 seripturis,
1585 2361 1609 2394 si
1631 2372 1683 2394 eas
1705 2360 1858 2394 rationem
1882 2361 1951 2393 red-

1201 2409 1279 2441 dens
1297 2421 1393 2452 ponus
1410 2422 1441 2441 se
1464 2410 1600 2443 retinere
1618 2410 1763 2450 voluerit,
1782 2409 1951 2454 diligente}¹

1201 2457 1240 2488 ab
1262 2459 1374 2490 uodoni
1397 2461 1596 2497 muneratur,
1616 2459 1683 2502 qui,
1698 2459 1867 2492 collatione
1885 2459 1948 2503 pri-

1205 2518 1337 2549 usquam
1355 2508 1361 2534 1
1380 2508 1408 2539 111
1422 2508 1553 2541 Cauiera
1566 2520 1627 2540 uua
1647 2509 1735 2543 tarta,
1750 2514 1775 2540 el
1791 2509 1949 2552 scriptura

1203 2557 1285 2588 fideli
1307 2564 1444 2599 rep-ula,
1465 2558 1492 2589 id
1511 2563 1675 2590 attestetur
1691 2568 1785 2589 mauu
1806 2559 1948 2601 propria,

1202 2605 1250 2637 bis
1270 2605 1372 2638 verbis
1408 2606 1593 2648 utrobique,
1632 2606 1661 2637 iu
1699 2606 1779 2639 libro
1806 2606 1948 2640 videlieet

1237 2659 1246 2684 ’1
1272 2660 1403 2685 l’rimwn
1418 2679 1424 2691 ,
1442 2658 1556 2685 (Ilwrub,
1576 2659 1611 2693 (n.
1636 2660 1683 2693 T.),
