2237 3100
198 230 246 255 An.
263 229 293 256 C.
312 229 378 257 ¹56⁷

441 222 504 256 5702

397 285 562 323 lationem,
585 284 812 328 provisionem,
843 282 1145 326 praesentationem,

397 339 587 372 electionem
608 345 635 371 et
662 347 902 381 quamcumque
923 335 1018 368 aliam
1038 335 1146 378 dispo-

398 392 546 425 sitionem
572 392 731 425 (lictorum
758 389 990 428 cardinalium‘,
1023 388 1147 421 ratione

398 445 650 489 parochialium,
674 443 997 487 metropolitauarum
1018 448 1045 474 et
1073 442 1149 475 alia-

397 509 469 531 rum
499 498 731 532 cathedralium
760 496 990 535 ecclesiarum,
1021 505 1148 529 necnon

397 553 667 585 monasteriorum
680 579 687 592 ,
711 551 914 595 prioratuum
928 576 936 589 ,
956 549 1147 592 dignitatum

396 611 423 637 et
466 606 604 639 aliorum
639 605 876 638 beneficiorum
911 603 1148 636 ecclesiastieo-

397 670 482 699 rum,
513 670 596 702 quae
617 658 860 703 quomodolibet
892 656 1038 690 obtinent
1067 657 1149 690 etin

396 718 561 755 posterum
589 712 792 749 obtinebunt:
824 722 860 744 ac
888 711 983 744 etiam
1008 722 1149 755 quorum

397 766 538 806 collatio,
554 767 692 810 m‘ovisio
711 771 738 799 et
755 765 888 809 quaevis
904 765 965 798 alia
981 764 1150 809 dispositio

397 820 470 861 iltis,
493 831 529 853 ex
559 831 655 853 causa
682 821 781 853 factae
807 830 865 864 per
894 830 949 852 eos
975 818 1148 859 cessionis,

397 873 561 916 regiminis
595 880 621 907 et
658 872 948 906 administrationis
987 883 1043 905 seu
1064 883 1151 905 eom-

397 927 544 967 mendae,
582 933 636 960 aut
657 927 882 970 resignationis
917 926 1147 967 ecclesiarum,

401 982 672 1014 monasteriorum
699 987 730 1013 et
755 981 893 1014 aliorum
914 979 1149 1013 beneficiorum

396 1034 603 1076 huiusmodi,
635 1035 811 1079 apostolica
839 1034 1030 1067 auctoritate
1050 1044 1152 1067 reser-

396 1094 465 1121 vata
481 1088 597 1129 existit,
619 1090 667 1122 vel
689 1089 719 1121 in
740 1094 906 1132 posterum
923 1087 1150 1125 reservabitur,

397 1152 523 1175 necnon
544 1153 827 1186 quormmnnnque
849 1142 1038 1175 inferiorum
1051 1141 1151 1174 colla-

398 1202 503 1229 torum
520 1202 549 1229 et
571 1196 788 1234 collatricum,
810 1197 848 1229 de
872 1196 952 1235 iure,
971 1194 1150 1239 privilegio,

398 1250 631 1283 consuetudine
661 1261 697 1283 ac
718 1250 796 1283 alias
812 1249 1055 1293 quomodolibet
1078 1260 1151 1293 per-

399 1304 542 1345 tinentia;
570 1310 600 1337 et
625 1305 719 1337 etiam
752 1304 805 1336 illa
835 1303 1095 1340 eonmwmlandi,
1116 1314 1153 1336 ac

397 1358 475 1391 alias
495 1359 533 1391 dc
565 1359 609 1391 eis
629 1357 841 1402 disponendi,
864 1357 1016 1389 omuibus
1037 1362 1067 1389 et.
1087 1357 1152 1389 sin—

398 1412 480 1455 gulis
515 1412 733 1445 cardinalibus
758 1410 951 1455 praedictis,
984 1411 1078 1443 etiam
1115 1411 1153 1442 de

399 1466 558 1499 dictorum
570 1466 760 1499 inferiorum
778 1466 969 1498 collatorum
982 1476 1153 1504 consensu,

401 1530 456 1563 per
482 1530 705 1564 quoscumque
736 1519 896 1552 Romanos
921 1518 1093 1551 Pontifices
1118 1529 1154 1550 ac

400 1573 606 1606 Sanctitatem
635 1574 732 1606 Suam
759 1578 787 1604 et
814 1572 931 1605 dictam
957 1571 1092 1611 Sedent,
1120 1582 1154 1604 c-

401 1628 476 1660 tiam
503 1633 590 1660 motu
616 1627 749 1671 proprio
777 1633 804 1659 et
834 1637 870 1658 ex
896 1631 982 1658 certa
1008 1625 1152 1663 scientia„

401 1682 504 1725 deque
535 1681 729 1725 apostolicae
760 1679 923 1724 potestatis
940 1679 1152 1723 plenitudine,

401 1741 431 1768 et
451 1736 545 1768 etiam
574 1746 609 1767 ex
631 1735 731 1778 pactis
752 1734 836 1766 inter
856 1733 959 1766 dictos
982 1733 1156 1767 Pontifices

402 1795 430 1822 et
460 1789 639 1822 cardinales
668 1788 800 1821 diversis
820 1787 1022 1830 temporibus
1050 1787 1153 1828 factis,

404 1843 537 1876 firmatis
552 1848 582 1875 et
607 1841 737 1879 iuratis,
760 1853 797 1874 ac
820 1841 987 1884 quibusvis
1012 1841 1157 1874 onerosis

403 1903 433 1929 et
453 1897 523 1929 aliis
543 1896 648 1929 causis
677 1905 829 1928 concessa
857 1900 884 1927 et
911 1894 1006 1927 etiam
1037 1894 1157 1927 iteratis

403 1945 525 1978 vicibus
554 1945 702 1978 innovata
730 1949 826 1986 atque
853 1949 992 1983 extensa,
1020 1944 1156 1986 quibus-

404 2005 544 2038 cumque
565 1999 720 2038 concepta
742 1993 902 2033 sornudis,
930 2003 966 2025 ac
992 1993 1087 2025 etiam
1109 2004 1158 2026 re-

404 2045 563 2082 stitutivis,
587 2044 703 2078 mentis
723 2042 921 2080 attestativis,
943 2043 1157 2086 praeservati-

405 2095 460 2134 vis,
483 2094 759 2137 derogatoriarum
781 2092 1005 2135 derogatoriis‚
1023 2092 1158 2135 aliisque

406 2143 658 2183 efficacioribus,
690 2141 919 2175 efficacissimis
957 2147 985 2173 et
1022 2141 1158 2174 insolitis

406 2193 571 2234 clausulis,
603 2202 731 2225 necnon
760 2191 821 2223 vim
851 2195 1037 2223 contractus
1062 2190 1158 2223 indu-

407 2243 555 2275 centibus
565 2247 595 2275 et
612 2242 682 2274 aliis
698 2240 835 2274 decretis
853 2239 996 2279 suffulta,
1017 2250 1157 2282 quorum

406 2292 551 2324 omnium
569 2296 695 2324 tenores
715 2289 871 2323 Sanctitas
887 2289 951 2321 Sua
971 2288 1081 2320 haberi
1106 2299 1159 2321 vo-

408 2340 466 2373 luit
492 2351 550 2384 pro
572 2339 740 2383 expressis,
761 2337 942 2382 specialiter
961 2342 990 2369 et
1010 2348 1157 2380 expresse

409 2389 576 2426 revocavit,
605 2389 777 2432 literasque
808 2386 999 2432 apostolicas
1019 2387 1159 2431 desuper

408 2439 581 2478 confectas,
603 2444 630 2470 et
648 2438 754 2481 quoad
771 2448 807 2470 ca
828 2437 860 2470 in
875 2436 995 2480 quibus
1010 2435 1064 2468 illa
1080 2447 1158 2469 non-

408 2488 484 2521 dum
506 2493 595 2521 erant
609 2488 719 2520 sortita
734 2488 899 2527 effectum,
917 2492 947 2519 et
964 2485 1038 2518 inde
1049 2491 1159 2518 secuta

408 2547 633 2581 quaecumque
654 2537 785 2570 cassavit
806 2542 836 2569 et
850 2535 1037 2575 annullavit,
1060 2534 1158 2568 vires-

408 2598 471 2631 que
506 2592 537 2619 et
577 2586 725 2620 elfectmn
749 2586 787 2619 de
817 2590 924 2619 cetero
955 2595 1018 2617 non
1041 2584 1158 2618 habere

408 2636 559 2670 decrevit.

991 229 1171 253 BULLARIUM
1195 228 1347 252 ROMANUM

1233 282 1247 323 ξ
1268 281 1298 313 2.
1322 281 1491 313 Praeterea
1509 280 1610 312 voluit
1629 285 1659 312 et
1678 280 1834 313 ordinavit
1854 278 1941 323 quod

1956 224 2005 251 An.
2025 224 2052 251 C.
2074 224 2138 251 {56⁷

1984 289 2103 311 beniamin
2118 292 2142 311 et

1190 345 1301 367 omnes
1321 333 1474 378 deinceps
1493 332 1604 366 literae
1624 333 1819 376 apostolicae
1839 333 1940 366 facul·
1956 320 2141 373 ffiffissf'mss‘ss‘f

1191 394 1291 421 tatum
1313 393 1343 420 et
1362 388 1562 420 indultorum
1588 386 1774 420 huiusmodi
1795 397 1854 432 pro
1875 387 1940 420 sin-
1956 384 2141 436 222f⁰¹¹⁰⁰⁵⁵¹⁰⁶

1189 441 1274 485 gulis
1293 441 1513 474 cardinalibus
1542 440 1727 485 praedictis,
1764 441 1942 485 praesenti-

1190 496 1251 528 bus
1270 500 1301 528 et.
1319 494 1446 535 futuris,
1465 495 1504 528 ad
1519 506 1615 528 unam
1634 499 1757 527 tantum
1778 495 1944 528 cathedra-

1191 550 1253 582 lem
1283 550 1330 582 vel
1360 550 1516 583 maiorem
1551 549 1733 589 ecclesiam,
1768 560 1824 582 seu
1858 549 1945 582 illius

1192 604 1276 644 loco,
1307 614 1408 636 unum
1440 603 1489 637 vel
1525 602 1590 636 duo
1623 602 1855 636 monasterium
1888 613 1945 636 seu

1192 657 1399 696 monasteria,
1422 663 1474 690 aut
1497 669 1599 691 unum
1615 657 1703 690 aliud
1724 657 1772 690 vel
1789 656 1854 690 duo
1869 656 1943 698 alia,

1192 711 1386 745 beneficium
1412 723 1468 745 seu
1489 711 1656 752 beneficia,
1678 711 1708 744 in
1730 711 1821 744 dictis
1845 710 1946 744 literis

1192 765 1433 809 exprimendam
1463 776 1517 799 seu
1549 766 1794 810 exprimendum
1820 765 1867 798 vel
1893 775 1946 798 ex-

1193 818 1374 862 primenda,
1400 830 1497 862 quam
1524 830 1580 852 seu
1600 819 1687 864 quod
1707 820 1755 852 vel
1774 829 1857 862 quae
1887 817 1947 862 ipsi

1193 873 1385 913 cardinales,
1408 875 1492 907 ultra
1521 873 1592 907 illas
1613 885 1665 906 sex
1686 873 1886 918 episcopales
1910 883 1948 905 ac

1195 927 1427 971 presbyterales
1460 933 1487 961 et
1520 927 1704 961 diaconales
1733 926 1963 973 cardinalium·

1194 981 1356 1022 ecclesias,
1378 987 1455 1014 tunc
1475 981 1630 1025 temporis
1656 981 1857 1021 obtinebunt,
1891 990 1948 1013 seu

1194 1034 1288 1067 cuius
1307 1035 1354 1068 vel
1384 1046 1525 1079 quorum
1557 1035 1687 1068 collatio
1715 1035 1761 1068 eis
1789 1039 1949 1067 reservata

1195 1088 1310 1130 t'uerit,
1346 1095 1379 1122 ut
1410 1090 1670 1133 praesertur;‚ac
1700 1089 1796 1122 etiam
1825 1087 1950 1121 sublata

1195 1142 1327 1175 omnino
1370 1144 1468 1177 altera
1519 1143 1707 1176 huiusmodi
1747 1142 1948 1176 indultorum

1195 1201 1284 1240 parte
1305 1208 1404 1241 super
1424 1208 1617 1230 consensum
1639 1197 1784 1241 ipsorum
1806 1195 1951 1230 cardina-

1196 1250 1274 1282 lium
1296 1251 1493 1293 reqnirendo
1515 1251 1545 1284 in
1567 1251 1749 1296 provisione
1774 1249 1950 1284 beneficio-

1195 1315 1267 1337 rum
1290 1305 1374 1348 apud
1405 1306 1519 1338 Sedem
1556 1305 1752 1349 praedictam
1783 1315 1841 1349 pro
1869 1309 1950 1337 tein-

1196 1370 1274 1403 pore
1295 1360 1490 1399 vacantium,
1522 1359 1600 1393 alias
1624 1360 1685 1392 sub
1705 1359 1797 1392 dictis
1818 1358 1951 1392 indultis

1197 1414 1532 1456 eomprehensomni,
1569 1414 1607 1446 de
1648 1413 1767 1457 quibus
1800 1412 1951 1446 omnibus

1197 1467 1353 1500 Sanctitas
1383 1468 1447 1500 Sua
1482 1468 1614 1511 posthac
1639 1468 1739 1501 libere
1780 1467 1951 1512 disponere

1198 1521 1344 1559 intendit,
1378 1527 1407 1555 et
1433 1521 1528 1554 etiam
1558 1522 1636 1554 eitra
1670 1522 1836 1555 facultates
1865 1531 1952 1554 com-

1198 1575 1369 1608 mendandi
1404 1575 1597 1609 monasteria
1631 1575 1759 1619 aliaque
1794 1575 1953 1610 beneficia

1198 1629 1425 1669 ecelesiastica,
1439 1630 1616 1663 saecularia
1637 1635 1664 1662 et
1687 1630 1860 1672 regularia;
1878 1640 1952 1662 nec-

1197 1694 1262 1717 non
1297 1683 1489 1727 disponendi
1523 1684 1561 1716 de
1595 1683 1819 1724 monasteriis,
1855 1683 1950 1716 etiam

1198 1748 1277 1771 cura
1301 1742 1331 1770 et
1353 1743 1511 1771 conventu
1532 1737 1728 1778 carentibuS,
1751 1736 1953 1781 etdignitati-

1198 1791 1259 1825 bus
1286 1792 1553 1825 conventualibus
1582 1798 1612 1824 et
1637 1791 1668 1824 in
1696 1790 1953 1835 metropolitanis

1198 1846 1334 1889 aliisque
1369 1846 1608 1879 cathedralibus
1647 1850 1717 1889 post
1752 1844 1953 1889 pontificales

1200 1900 1389 1941 maioribus,
1404 1900 1477 1933 etin
1499 1899 1676 1943 collegiatis
1696 1899 1842 1933 ecclesiis
1862 1898 1953 1943 prin-

1200 1954 1371 1998 cipalibus,
1393 1966 1429 1987 ae
1459 1954 1553 1987 etiam
1580 1953 1771 1998 disponendi
1795 1953 1834 1986 de
1853 1953 1953 1986 bene-

1200 2009 1281 2042 ficiis
1312 2008 1606 2042 referendariorum
1639 2019 1813 2041 causarum
1841 2007 1953 2040 Palatii

1200 2063 1376 2107 Apostolici
1392 2062 1590 2103 auditorum,
1612 2062 1911 2107 protonotariorum
1925 2065 1955 2094 et

1201 2117 1338 2149 aliorum
1360 2116 1548 2150 officialium
1569 2117 1672 2150 dictae
1697 2115 1804 2157 Sedis,
1826 2125 1953 2148 necnon

1201 2170 1420 2211 familiarium,
1443 2176 1692 2213 ceterorumque
1713 2169 1872 2211 omnium,
1899 2168 1953 2213 qui

1201 2225 1488 2259 constitutionilms
1520 2225 1741 2259 declaratoriis
1774 2223 1874 2257 felicis
1903 2234 1954 2256 re-

1201 2279 1398 2312 eordationis
1417 2279 1507 2312 Pauli
1528 2279 1633 2323 Papae
1653 2278 1691 2311 ΙΙΙ
1708 2278 1747 2311 ad
1763 2282 1953 2322 perpetuam

1201 2333 1247 2365 rei
1275 2333 1466 2366 memoriam
1488 2333 1579 2367 editis
1609 2332 1833 2372 continentur;
1867 2330 1955 2364 deni-

1201 2398 1263 2430 que
1284 2399 1360 2421 cum
1386 2387 1608 2421 moderatione
1632 2386 1821 2420 facultatum
1845 2384 1954 2428 dispo-

1201 2436 1297 2469 nendi
1322 2437 1360 2470 de
1389 2436 1555 2469 beneficiis
1581 2435 1788 2469 familiarium
1808 2434 1952 2478 ipsorum

1201 2485 1427 2525 cardinalium,
1449 2496 1486 2518 ac
1507 2484 1754 2517 concessionum
1775 2482 1820 2515 eis
1834 2493 1892 2526 per
1903 2493 1954 2515 re-

1200 2535 1291 2577 gulas
1310 2534 1528 2568 Cancellariae
1552 2534 1757 2579 Apostolicae
1785 2532 1954 2573 factarum,

1201 2583 1240 2616 de
1267 2595 1427 2618 consensu
1456 2595 1514 2628 per
1542 2584 1629 2626 ipsos
1657 2583 1690 2616 in
1718 2581 1954 2626 provisionibus

1201 2633 1383 2677 apostolicis
1404 2633 1606 2677 praestando,
1627 2633 1667 2668 ad
1687 2642 1741 2665 eos
1761 2631 1845 2664 solos
1865 2631 1954 2664 fami-
