2237 3100
65 298 116 326 Αι.
133 298 164 328 C.
182 298 250 326 ¹866

89 725 247 754 Bai-ouibusque

63 759 86 778 et
103 758 249 783 gubernatori-

63 787 101 808 bus
125 794 149 808 ac
159 788 213 813 aliis,
226 790 248 809 ut

62 819 82 839 in
125 820 248 845 praemissis

63 849 133 870 eidem
165 849 248 870 consuli

63 880 140 902 auxilio
182 886 248 908 prae-

63 913 132 937 §tenu

951 297 1017 321 PIUS
1043 297 1059 319 V
1080 297 1127 321 Pr.

264 357 405 391 cumque
444 347 655 387 conditionis,
691 347 955 392 praeeminentiae
988 353 1018 381 et

262 405 363 433 status
390 400 440 441 sit,
466 400 625 440 facienda3
647 400 700 434 cui
727 400 852 434 consuli
873 402 1017 444 compel-

263 453 350 487 lendi
370 458 401 486 et
423 454 550 487 restitui
570 464 607 487 ac
637 453 786 496 castigari
811 453 949 487 faciendi
969 460 1017 487 ta-

262 507 309 540 les
337 512 548 551 usurpatores
575 514 606 540 et
627 507 811 540 detentores
838 508 967 550 plenam
988 512 1019 541 et

263 559 399 593 liberam
427 560 613 594 facultatem
634 566 665 594 et
684 559 910 594 auctoritatem
940 571 1017 593 con-

264 613 421 646 cedimus.

307 666 323 709 ἓ
339 666 371 699 4.
394 666 517 706 Quibus
525 666 673 710 personis
684 677 844 711 expresse,
860 666 893 700 in
901 667 1018 699 virtute

263 725 391 752 sanctae
399 719 601 753 obedientiae
611 725 641 752 et
655 719 714 753 sub
726 719 838 762 poenis
854 719 1016 763 praefatis,

263 772 456 805 mandamus
492 778 654 815 quatenus
682 772 844 806 dimittant
864 778 895 805 et
915 772 1020 805 sinant

263 826 424 869 praefatos
448 830 602 869 patronos
622 825 752 858 navium
776 830 807 858 et
826 825 1019 858 nautiorum

262 879 433 912 nationum
449 879 668 923 praefatarum
690 884 720 912 et
735 889 1019 923 quarumcumque

262 931 413 974 aliarum,
440 932 630 976 dictumque
658 943 772 966 eorum
801 932 969 965 consulem
989 937 1020 964 et

263 985 448 1019 ministrum
465 996 522 1019 seu
545 985 709 1019 ministros
724 985 779 1018 illa
801 985 910 1018 onmia
928 996 1019 1019 recu-

261 1049 390 1082 perare,
413 1044 444 1072 et
460 1039 539 1072 alias
559 1039 597 1072 de
617 1049 731 1072 eorum
757 1039 904 1078 navibus,
923 1038 1020 1071 navi-

261 1091 324 1132 liis,
357 1092 521 1126 mercibus
545 1097 577 1125 et
602 1091 697 1125 bonis
717 1091 895 1131 conductis,
916 1089 1018 1124 ‘etiam

262 1145 437 1185 derelictis,
459 1150 490 1178 et
505 1145 544 1178 iis
554 1150 620 1178 tam
636 1156 694 1189 per
715 1155 804 1178 mare
820 1144 1018 1187 vagantibus,

261 1208 360 1242 quam
376 1209 479 1242 prope
498 1204 618 1231 terram
638 1203 669 1231 et
689 1197 722 1230 in
742 1198 812 1242 ripa
840 1197 1018 1231 consisten-

263 1251 360 1292 tibus,
375 1251 477 1285 libere
487 1251 672 1295 disponere,
695 1252 816 1295 absque
828 1251 936 1294 aliqua
952 1261 1020 1284 mo-

262 1304 354 1338 lestia
375 1305 425 1338 vel
453 1305 687 1349 impedimento
713 1305 796 1346 illis,
823 1305 945 1338 directe
970 1305 1020 1338 vet

262 1358 436 1399 indirecte,
455 1359 660 1403 praestando;
678 1369 738 1392 nec
759 1359 895 1392 debeant
920 1370 952 1391 se
973 1359 1020 1391 in-

262 1411 444 1445 tromittere
466 1411 500 1445 in
524 1412 618 1445 dictis
638 1412 837 1456 naufragatis
857 1423 917 1446 nec
937 1423 1019 1445 nau-

263 1464 365 1508 fragio
385 1465 542 1509 praefato,
568 1465 630 1499 nisi
651 1465 684 1498 in
711 1476 759 1506 eo,
793 1466 833 1499 ad
853 1465 941 1510 quod
962 1476 1021 1509 per

263 1519 367 1553 dictos
398 1524 571 1563 patronos,
610 1519 798 1559 consulem,
834 1519 1019 1552 ministrum

263 1578 359 1607 erunt
381 1572 528 1617 requisiti
557 1578 588 1606 et
610 1573 713 1606 vocati
738 1583 798 1617 pro
819 1583 934 1606 eornm
959 1584 1020 1616 ope

262 1632 294 1660 et
313 1627 432 1668 favore3
467 1637 527 1660 nec
548 1627 607 1660 sub
636 1627 746 1671 aliquo
780 1632 946 1671 praetextu
972 1627 1020 1659 vel

263 1681 373 1714 colore
392 1680 479 1714 dicto
498 1680 633 1714 Martino
650 1680 776 1714 consuli
802 1686 856 1713 aut
877 1680 946 1713 eius
963 1680 1021 1713 mi-

263 1733 371 1768 nistris
399 1745 456 1768 seu
490 1734 651 1778 deputatis
681 1733 831 1778 praefatis
858 1733 889 1766 in
917 1733 1019 1767 libero

264 1787 481 1823 exercitiosui
497 1788 594 1821 officii
609 1788 769 1832 generalis
787 1787 975 1821 consulatus
990 1792 1021 1819 et

261 1841 537 1875 commissariatus
569 1841 757 1875 huiusmodi
800 1846 829 1874 et
867 1841 905 1873 ad
940 1841 1019 1873 illud

261 1895 484 1939 spectantibus
509 1894 645 1938 aliisque
665 1894 858 1938 supradictis
888 1893 1020 1937 aliquod

262 1948 554 1992 impedimentum,
597 1949 778 1982 molestiam
814 1953 867 1981 aut
894 1953 1020 1992 pertur-

262 2002 426 2036 bationem
447 2007 623 2046 praestent,
643 2013 700 2035 seu
716 2002 873 2045 praestari
888 2001 1020 2046 permit-

264 2060 344 2096 tant;
374 2056 522 2100 quinimo
542 2056 571 2089 ei
591 2062 623 2089 et
640 2056 686 2089 eis
706 2066 802 2089 omne
819 2055 974 2088 auxilium
991 2060 1019 2088 ct

264 2110 405 2142 favorem
433 2109 466 2142 in
489 2109 673 2153 praemissis
697 2115 728 2142 et
748 2109 833 2142 eirca
854 2119 890 2141 ea
911 2119 1021 2141 neces-

263 2162 347 2196 saria
380 2173 437 2196 seu
468 2163 714 2207 quomodolibet
747 2168 949 2207 opportuna,
981 2162 1021 2195 ad

264 2226 348 2260 quae
368 2215 503 2260 praefati
523 2215 624 2250 nostri
651 2215 782 2255 subditi,
805 2217 1022 2259 quotiescum-

264 2279 328 2313 que
347 2280 406 2313 pro
427 2275 519 2314 parte
539 2269 733 2303 dilectorum
755 2269 898 2301 consulis
913 2280 949 2303 ac
965 2269 1022 2301 mi-

264 2322 442 2356 nistrorum
463 2323 495 2356 in
516 2322 613 2355 licitis
633 2327 664 2355 et
682 2322 827 2355 honestis
848 2327 944 2355 erunt
972 2333 1021 2355 re-

265 2375 393 2420 quisiti,
420 2381 584 2420 praestare
612 2380 796 2415 teneantur3
827 2376 955 2419 quibus,
977 2376 1022 2409 eis

264 2429 414 2463 videlicet
439 2429 494 2473 qui
514 2440 532 2462 a
551 2428 637 2462 dicto
666 2428 801 2461 Martino
827 2430 961 2462 consule
991 2434 1021 2461 et

266 2479 421 2513 ministris
435 2479 538 2512 vocati
559 2483 667 2519 erunt,
686 2478 724 2510 ad
740 2478 1021 2521 recuperationem

264 2528 495 2570 adiuvaverint‚
531 2538 590 2572 per
613 2527 734 2560 dictum
766 2527 945 2568 consulem,
973 2538 1023 2560 ex-

265 2577 373 2622 pensis
398 2588 510 2611 rerum
526 2577 737 2610 liberatarum
758 2575 790 2608 in
815 2586 953 2619 quarum
971 2576 1023 2609 be-

266 2626 420 2660 neficium
446 2625 694 2665 elaboraverint,
721 2624 754 2657 in
774 2625 894 2658 laboris
918 2625 1022 2658 subsi—

265 2674 356 2709 dium
385 2675 515 2710 dabitur
536 2674 623 2718 quod
658 2674 778 2706 iustum
800 2679 830 2706 et
849 2673 1022 2707 honestum

1708 285 1772 320 443

1059 348 1120 382 erit
1139 353 1170 381 et
1189 348 1293 389 eidem
1310 348 1436 381 consuli
1452 347 1624 388 videbitur,
1647 349 1734 392 quod
1756 349 1813 381 erit

1060 401 1146 434 iuxta
1166 401 1317 434 meritum
1338 401 1489 441 illorum,
1519 401 1573 445 qui
1601 402 1632 433 in
1659 402 1816 434 salvandis

1059 454 1247 487 huiusmodi
1267 454 1365 488 rebus
1389 460 1419 487 et
1448 454 1542 488 bonis
1572 455 1812 495 intervenerint,

1061 507 1135 540 licet
1155 507 1363 541 fraternitatis
1383 507 1500 541 caritas
1519 508 1552 540 in
1582 508 1701 541 talibus
1730 509 1815 541 cala-

1060 561 1184 594 mitosis
1199 561 1366 595 eventibus
1386 572 1440 594 eos
1460 562 1500 595 ad
1521 561 1553 594 id
1581 562 1698 605 obliget
1720 567 1817 605 atque

1060 620 1163 656 cogat

1105 667 1171 710 35.
1200 668 1235 700 Et
1261 674 1295 701 ut
1324 668 1550 702 christifideles
1575 670 1613 702 ad
1642 670 1817 713 praemissa

1061 720 1261 761 alliciantur,
1297 728 1353 754 aut
1386 722 1591 765 naufragium
1630 722 1817 755 huiusmodi

1061 773 1257 817 patientibus
1269 775 1308 807 ab
1326 775 1371 808 eis
1387 775 1566 819 propitiora
1584 776 1725 809 subsidia
1738 787 1818 820 prae-

1061 826 1211 867 beantur,
1243 827 1394 860 omnibus
1429 835 1456 861 et
1483 828 1617 871 singulis
1646 829 1818 872 utriusque

1061 890 1154 912 sexus
1171 880 1447 921 christifidelibus,
1470 882 1525 925 qui
1548 882 1714 923 auxilium,
1740 894 1818 915 con-

1062 933 1170 966 silium
1186 939 1216 967 et
1232 934 1373 967 favorem
1388 935 1592 977 naufragium
1607 936 1816 979 patientibus,

1062 985 1095 1018 in
1123 986 1327 1030 reparatione
1348 993 1379 1020 et
1408 989 1650 1022 conservatione
1683 1000 1818 1022 suorum

1061 1039 1237 1079 bonorum,
1259 1040 1495 1083 praestiterint,
1518 1042 1630 1075 decem
1657 1052 1760 1075 annos
1789 1048 1818 1075 et

1062 1092 1193 1125 totidem
1210 1094 1434 1137 quadragenas
1454 1094 1493 1127 de
1508 1094 1661 1128 iniunctis
1681 1095 1726 1128 cis
1742 1106 1818 1139 poe-

1063 1145 1204 1178 nitentiis
1225 1147 1258 1179 in
1277 1147 1415 1180 Domino
1435 1148 1629 1180 relaxamus.

1106 1199 1121 1241 ἓ
1141 1198 1172 1232 6.
1196 1200 1382 1234 Mandantes
1402 1201 1494 1233 dictis
1522 1201 1639 1234 uostris
1660 1201 1814 1241 subditis,

1062 1253 1281 1287 tamciw'tatis
1313 1254 1445 1287 Vetulae
1472 1261 1504 1287 et
1519 1254 1644 1297 {Ostiam
1676 1255 1762 1287 Porti
1787 1261 1815 1287 et

1061 1306 1213 1350 Neptuni,
1241 1319 1276 1340 ac
1294 1307 1402 1351 pilotis
1422 1307 1563 1347 illarum,
1584 1319 1619 1341 ar
1641 1309 1735 1341 etiam
1752 1309 1816 1341 An-

1062 1370 1182 1399 conae,
1214 1372 1250 1394 ac
1279 1361 1515 1394 habitatoribus
1544 1362 1690 1395 omnium
1717 1368 1816 1395 terra-

1062 1423 1147 1450 rum,
1176 1413 1333 1457 riparum,
1371 1419 1525 1457 portuum
1559 1420 1589 1446 et
1621 1414 1816 1457 plagiarum,

1062 1477 1190 1499 necnon
1210 1467 1355 1511 patronis
1375 1472 1404 1500 et
1432 1467 1538 1500 nautis
1558 1468 1699 1508 navium,
1729 1468 1818 1500 navi-

1063 1519 1193 1560 liorum,
1226 1520 1407 1553 triremium
1433 1520 1674 1563 biremiumque
1696 1521 1817 1564 capita-

1063 1574 1132 1607 neis
1152 1580 1183 1607 et
1198 1574 1395 1607 barcharum
1409 1574 1664 1608 conductoribus
1676 1579 1706 1607 et
1716 1575 1818 1618 pisca-

1061 1627 1197 1667 toribus,
1225 1638 1262 1661 ac
1286 1627 1357 1660 aliis
1385 1627 1649 1671 quibuscumque
1671 1628 1818 1671 personis

1062 1681 1271 1714 existentibus
1295 1687 1324 1714 et
1345 1681 1564 1714 habitantibus
1587 1681 1618 1713 in
1643 1686 1696 1714 aut
1717 1692 1817 1725 prope

1061 1734 1111 1767 vel
1137 1735 1191 1767 ubi
1222 1736 1297 1768 talia
1324 1734 1491 1777 naufragia
1520 1735 1668 1768 accidere
1694 1735 1819 1768 contin-

1062 1793 1133 1830 gat,
1165 1789 1224 1821 sub
1252 1799 1356 1832 poena
1380 1788 1550 1822 solutionis
1579 1788 1676 1828 tanti,
1707 1789 1817 1832 quanti

1062 1841 1146 1874 bona
1161 1843 1349 1886 naufragata
1363 1842 1533 1882 valuerint,
1552 1847 1582 1874 et
1597 1852 1691 1885 quae,
1711 1842 1752 1875 ob
1768 1842 1819 1874 de-

1063 1896 1183 1928 fectum
1203 1895 1368 1935 auditorii,
1386 1894 1646 1935 admitterentur,
1660 1900 1820 1938 quatenus

1062 1948 1160 1989 illico,
1181 1954 1353 1994 postquam
1381 1960 1398 1981 a
1424 1954 1561 1992 patrono
1576 1976 1583 1987 ,
1612 1949 1745 1981 consule
1766 1954 1819 1981 aut

1063 2002 1223 2046 deputatis
1247 2003 1350 2036 vocati
1371 2002 1503 2039 fuerint,
1526 2008 1710 2042 occurrant,
1732 2008 1762 2034 et
1777 2002 1820 2035 se-

1063 2056 1220 2090 stinanter
1245 2057 1399 2090 accedant
1433 2066 1508 2089 cum
1542 2066 1656 2088 eorum
1690 2056 1820 2088 barchis

1063 2120 1100 2142 ac
1129 2109 1317 2143 triremibus
1337 2115 1367 2143 et
1386 2109 1577 2149 biremibus,
1603 2109 1643 2142 ad
1669 2109 1820 2142 adiuvan-

1063 2163 1140 2195 dum
1162 2168 1190 2196 et
1213 2163 1400 2195 salvandum
1426 2173 1462 2195 ea
1483 2162 1570 2195 omni
1592 2172 1667 2194 cum
1688 2161 1821 2204 diligen-

1062 2217 1119 2257 tia,
1148 2227 1185 2250 ac
1215 2216 1239 2249 si
1265 2227 1379 2249 eorum
1406 2216 1537 2260 propria
1562 2220 1682 2256 essent,
1707 2214 1820 2248 solutis

1064 2275 1170 2302 tamen
1205 2269 1249 2302 eis
1286 2280 1345 2313 pro
1379 2280 1493 2302 eorum
1526 2268 1649 2307 labore,
1672 2267 1820 2312 expensis

1064 2323 1222 2356 mercium
1251 2324 1487 2356 conductarum
1519 2327 1549 2355 et
1583 2332 1693 2355 rerum
1719 2321 1819 2354 salva-

1065 2387 1182 2424 tarum,
1205 2383 1265 2423 his,
1289 2394 1371 2426 quae
1393 2381 1518 2415 consuli
1533 2380 1705 2420 videbitur,
1723 2384 1821 2423 prout

1064 2441 1156 2474 labor
1178 2451 1292 2473 eorum
1315 2440 1466 2483 exegerit;
1489 2445 1517 2473 et
1536 2450 1600 2472 non
1623 2438 1745 2482 possint
1762 2449 1820 2482 pe-

1065 2505 1143 2540 tere,
1152 2510 1212 2533 nec
1221 2505 1329 2543 petant
1338 2498 1462 2542 aliquid
1471 2497 1570 2537 aliud,
1582 2508 1642 2531 nec
1652 2502 1817 2540 quartum,

1066 2568 1126 2591 nec
1158 2563 1282 2601 partem
1311 2567 1369 2590 nec
1400 2556 1450 2589 ius
1476 2555 1608 2599 aliquod
1630 2565 1741 2588 rerum
1761 2554 1820 2587 sal-

1064 2621 1222 2657 vatarum,
1236 2621 1365 2660 praeter
1376 2614 1573 2658 supradicta,
1596 2612 1818 2650 concessione,

1066 2679 1195 2709 statuto.
1225 2673 1477 2711 consuetudine,
1515 2671 1731 2705 ordinatione,
1760 2679 1820 2704 usu

1832 296 1879 321 An.
1899 295 1927 322 C,
1950 296 2016 321 ¹566

1879 683 1902 703 Et
1919 683 2017 703 auxillum

1832 715 1929 735 dantibus
1949 716 2018 735 indul-

1833 747 1915 771 gentias
1937 752 2017 767 conce-

1833 779 1868 802 diu

1871 1214 2016 1241 Omnibusque

1832 1245 2010 1265 commorantibus

1833 1282 1898 1302 prope
1910 1276 1956 1296 loca
1967 1282 2017 1296 nau·

1831 1307 1944 1330 tinctorum
1958 1307 2016 1328 iubet

1832 1341 1860 1361 ut,
1871 1339 1947 1361 roc-ui,
1960 1339 2018 1357 auxi-

1833 1369 1881 1389 lium
1896 1372 2016 1395 p1·«este1=t;
