<?xml version="1.0" encoding="UTF-8"?>
<!DOCTYPE html PUBLIC "-//W3C//DTD XHTML 1.0 Transitional//EN"
    "http://www.w3.org/TR/xhtml1/DTD/xhtml1-transitional.dtd">
<html xmlns="http://www.w3.org/1999/xhtml" xml:lang="en" lang="en">
 <head>
  <title>
</title>
<meta http-equiv="Content-Type" content="text/html;charset=utf-8" />
  <meta name='ocr-system' content='tesseract 3.04.00' />
  <meta name='ocr-capabilities' content='ocr_page ocr_carea ocr_par ocr_line ocrx_word'/>
</head>
<body>
  <div class='ocr_page' id='page_1' title='image "./bullarumdiplomat07cath/bullarumdiplomat07cath_0207.png"; bbox 0 0 2237 3100; ppageno 0'>
   <div class='ocr_carea' id='block_1_1' title="bbox 11 316 194 350">
    <p class='ocr_par' dir='ltr' id='par_1_1' title="bbox 11 316 194 350">
     <span class='ocr_line' id='line_1_1' title="bbox 11 316 194 350; baseline -0.016 0"><span class='ocrx_word' id='word_1_1' title='bbox 11 321 62 350; x_wconf 72' lang='lat' dir='ltr'>An.</span> <span class='ocrx_word' id='word_1_2' title='bbox 77 316 108 349; x_wconf 87' lang='lat' dir='ltr'>C.</span> <span class='ocrx_word' id='word_1_3' title='bbox 126 319 194 348; x_wconf 73' lang='lat'>¹552</span> 
     </span>
    </p>
   </div>
   <div class='ocr_carea' id='block_1_2' title="bbox 887 313 1080 340">
    <p class='ocr_par' dir='ltr' id='par_1_2' title="bbox 887 313 1080 340">
     <span class='ocr_line' id='line_1_2' title="bbox 887 313 1080 340; baseline -0.021 0"><span class='ocrx_word' id='word_1_4' title='bbox 887 315 955 340; x_wconf 80' lang='lat' dir='ltr'>Plt&#39;s</span> <span class='ocrx_word' id='word_1_5' title='bbox 978 313 1009 338; x_wconf 83' lang='lat' dir='ltr'>lv</span> <span class='ocrx_word' id='word_1_6' title='bbox 1032 313 1080 338; x_wconf 84' lang='lat' dir='ltr'>PP.</span> 
     </span>
    </p>
   </div>
   <div class='ocr_carea' id='block_1_3' title="bbox 209 369 979 1859">
    <p class='ocr_par' dir='ltr' id='par_1_3' title="bbox 209 369 978 1586">
     <span class='ocr_line' id='line_1_3' title="bbox 209 369 966 407; baseline -0.005 -1"><span class='ocrx_word' id='word_1_7' title='bbox 209 371 346 407; x_wconf 87' lang='lat' dir='ltr'>tioribus</span> <span class='ocrx_word' id='word_1_8' title='bbox 370 376 401 405; x_wconf 91' lang='lat' dir='ltr'>et</span> <span class='ocrx_word' id='word_1_9' title='bbox 424 369 659 405; x_wconf 84' lang='lat' dir='ltr'>efficacioribus</span> <span class='ocrx_word' id='word_1_10' title='bbox 676 376 706 403; x_wconf 90' lang='lat' dir='ltr'>et</span> <span class='ocrx_word' id='word_1_11' title='bbox 726 369 860 403; x_wconf 88' lang='lat' dir='ltr'>insolitis</span> <span class='ocrx_word' id='word_1_12' title='bbox 880 370 966 403; x_wconf 88' lang='lat' dir='ltr'>clau-</span> 
     </span>
     <span class='ocr_line' id='line_1_4' title="bbox 209 423 966 470; baseline -0.005 -10"><span class='ocrx_word' id='word_1_13' title='bbox 209 426 289 460; x_wconf 87' lang='lat' dir='ltr'>sulis</span> <span class='ocrx_word' id='word_1_14' title='bbox 312 425 576 470; x_wconf 86' lang='lat' dir='ltr'>irritantibusque</span> <span class='ocrx_word' id='word_1_15' title='bbox 593 431 622 459; x_wconf 89' lang='lat' dir='ltr'>et</span> <span class='ocrx_word' id='word_1_16' title='bbox 642 424 711 458; x_wconf 89' lang='lat' dir='ltr'>aliis</span> <span class='ocrx_word' id='word_1_17' title='bbox 731 424 868 458; x_wconf 74' lang='lat' dir='ltr'>decretis</span> <span class='ocrx_word' id='word_1_18' title='bbox 894 423 966 467; x_wconf 84' lang='lat' dir='ltr'>qui-</span> 
     </span>
     <span class='ocr_line' id='line_1_5' title="bbox 209 478 966 520; baseline -0.004 -7"><span class='ocrx_word' id='word_1_19' title='bbox 209 480 351 514; x_wconf 84' lang='lat' dir='ltr'>buslibet</span> <span class='ocrx_word' id='word_1_20' title='bbox 388 480 568 520; x_wconf 81' lang='lat' dir='ltr'>concessis,</span> <span class='ocrx_word' id='word_1_21' title='bbox 600 479 798 512; x_wconf 86' lang='lat' dir='ltr'>confirmatis</span> <span class='ocrx_word' id='word_1_22' title='bbox 815 490 851 512; x_wconf 88' lang='lat' dir='ltr'>ac</span> <span class='ocrx_word' id='word_1_23' title='bbox 872 478 966 511; x_wconf 86' lang='lat' dir='ltr'>etiam</span> 
     </span>
     <span class='ocr_line' id='line_1_6' title="bbox 211 531 968 578; baseline -0.005 -11"><span class='ocrx_word' id='word_1_24' title='bbox 211 533 333 567; x_wconf 82' lang='lat' dir='ltr'>iteratis</span> <span class='ocrx_word' id='word_1_25' title='bbox 348 532 470 567; x_wconf 85' lang='lat' dir='ltr'>vicibus</span> <span class='ocrx_word' id='word_1_26' title='bbox 482 533 668 578; x_wconf 85' lang='lat' dir='ltr'>approbatis</span> <span class='ocrx_word' id='word_1_27' title='bbox 679 538 708 566; x_wconf 87' lang='lat' dir='ltr'>et</span> <span class='ocrx_word' id='word_1_28' title='bbox 719 533 886 571; x_wconf 77' lang='lat' dir='ltr'>innovatis,</span> <span class='ocrx_word' id='word_1_29' title='bbox 898 531 968 575; x_wconf 90' lang='lat' dir='ltr'>qui-</span> 
     </span>
     <span class='ocr_line' id='line_1_7' title="bbox 210 586 967 631; baseline -0.004 -10"><span class='ocrx_word' id='word_1_30' title='bbox 210 587 271 621; x_wconf 88' lang='lat' dir='ltr'>bus</span> <span class='ocrx_word' id='word_1_31' title='bbox 282 587 444 627; x_wconf 87' lang='lat' dir='ltr'>omnibus,</span> <span class='ocrx_word' id='word_1_32' title='bbox 467 587 562 620; x_wconf 90' lang='lat' dir='ltr'>etiam</span> <span class='ocrx_word' id='word_1_33' title='bbox 584 587 690 631; x_wconf 88' lang='lat' dir='ltr'>si‚pro</span> <span class='ocrx_word' id='word_1_34' title='bbox 707 586 876 620; x_wconf 85' lang='lat' dir='ltr'>sufficienti</span> <span class='ocrx_word' id='word_1_35' title='bbox 894 586 967 618; x_wconf 89' lang='lat' dir='ltr'>illo-</span> 
     </span>
     <span class='ocr_line' id='line_1_8' title="bbox 211 639 969 684; baseline -0.001 -10"><span class='ocrx_word' id='word_1_36' title='bbox 211 651 285 675; x_wconf 85' lang='lat' dir='ltr'>rum</span> <span class='ocrx_word' id='word_1_37' title='bbox 305 641 524 683; x_wconf 79' lang='lat' dir='ltr'>derogatione,</span> <span class='ocrx_word' id='word_1_38' title='bbox 553 641 591 674; x_wconf 87' lang='lat' dir='ltr'>de</span> <span class='ocrx_word' id='word_1_39' title='bbox 610 640 672 673; x_wconf 87' lang='lat' dir='ltr'>illis</span> <span class='ocrx_word' id='word_1_40' title='bbox 696 651 875 684; x_wconf 87' lang='lat' dir='ltr'>eorumque</span> <span class='ocrx_word' id='word_1_41' title='bbox 897 639 969 673; x_wconf 87' lang='lat' dir='ltr'>totis</span> 
     </span>
     <span class='ocr_line' id='line_1_9' title="bbox 211 694 970 739; baseline -0.003 -11"><span class='ocrx_word' id='word_1_42' title='bbox 211 694 380 729; x_wconf 87' lang='lat' dir='ltr'>tenoribus</span> <span class='ocrx_word' id='word_1_43' title='bbox 388 694 546 738; x_wconf 89' lang='lat' dir='ltr'>specialis,</span> <span class='ocrx_word' id='word_1_44' title='bbox 558 694 717 738; x_wconf 86' lang='lat' dir='ltr'>specifica,</span> <span class='ocrx_word' id='word_1_45' title='bbox 727 705 876 739; x_wconf 84' lang='lat' dir='ltr'>expressa</span> <span class='ocrx_word' id='word_1_46' title='bbox 884 699 913 727; x_wconf 90' lang='lat' dir='ltr'>et</span> <span class='ocrx_word' id='word_1_47' title='bbox 923 694 970 726; x_wconf 92' lang='lat' dir='ltr'>in-</span> 
     </span>
     <span class='ocr_line' id='line_1_10' title="bbox 212 749 971 792; baseline -0.004 -9"><span class='ocrx_word' id='word_1_48' title='bbox 212 749 352 790; x_wconf 84' lang='lat' dir='ltr'>dividua,</span> <span class='ocrx_word' id='word_1_49' title='bbox 378 760 443 782; x_wconf 89' lang='lat' dir='ltr'>non</span> <span class='ocrx_word' id='word_1_50' title='bbox 459 754 566 782; x_wconf 89' lang='lat' dir='ltr'>autem</span> <span class='ocrx_word' id='word_1_51' title='bbox 584 760 642 792; x_wconf 88' lang='lat' dir='ltr'>per</span> <span class='ocrx_word' id='word_1_52' title='bbox 663 749 823 782; x_wconf 78' lang='lat' dir='ltr'>clausulas</span> <span class='ocrx_word' id='word_1_53' title='bbox 838 758 971 791; x_wconf 78' lang='lat' dir='ltr'>genera-</span> 
     </span>
     <span class='ocr_line' id='line_1_11' title="bbox 212 801 970 846; baseline -0.004 -9"><span class='ocrx_word' id='word_1_54' title='bbox 212 804 259 837; x_wconf 88' lang='lat' dir='ltr'>les</span> <span class='ocrx_word' id='word_1_55' title='bbox 275 803 359 837; x_wconf 86' lang='lat' dir='ltr'>idem</span> <span class='ocrx_word' id='word_1_56' title='bbox 380 803 603 846; x_wconf 69' lang='lat' dir='ltr'>imponantes,</span> <span class='ocrx_word' id='word_1_57' title='bbox 622 803 742 836; x_wconf 86' lang='lat' dir='ltr'>mentio</span> <span class='ocrx_word' id='word_1_58' title='bbox 764 813 819 836; x_wconf 89' lang='lat' dir='ltr'>seu</span> <span class='ocrx_word' id='word_1_59' title='bbox 840 801 970 845; x_wconf 81' lang='lat' dir='ltr'>quaevis</span> 
     </span>
     <span class='ocr_line' id='line_1_12' title="bbox 213 854 971 901; baseline -0.004 -11"><span class='ocrx_word' id='word_1_60' title='bbox 213 856 275 890; x_wconf 81' lang='lat' dir='ltr'>alia</span> <span class='ocrx_word' id='word_1_61' title='bbox 295 857 456 901; x_wconf 78' lang='lat' dir='ltr'>expressio</span> <span class='ocrx_word' id='word_1_62' title='bbox 477 857 637 893; x_wconf 72' lang='lat' dir='ltr'>habenda,</span> <span class='ocrx_word' id='word_1_63' title='bbox 659 862 714 890; x_wconf 86' lang='lat' dir='ltr'>aut</span> <span class='ocrx_word' id='word_1_64' title='bbox 734 856 795 889; x_wconf 88' lang='lat' dir='ltr'>alia</span> <span class='ocrx_word' id='word_1_65' title='bbox 815 854 971 898; x_wconf 85' lang='lat' dir='ltr'>exquisita</span> 
     </span>
     <span class='ocr_line' id='line_1_13' title="bbox 213 909 971 949; baseline -0.004 -5"><span class='ocrx_word' id='word_1_66' title='bbox 213 911 318 944; x_wconf 85' lang='lat' dir='ltr'>forma</span> <span class='ocrx_word' id='word_1_67' title='bbox 333 910 371 943; x_wconf 85' lang='lat' dir='ltr'>ad</span> <span class='ocrx_word' id='word_1_68' title='bbox 392 911 455 944; x_wconf 89' lang='lat' dir='ltr'>hoc</span> <span class='ocrx_word' id='word_1_69' title='bbox 470 910 623 943; x_wconf 90' lang='lat' dir='ltr'>servanda</span> <span class='ocrx_word' id='word_1_70' title='bbox 643 911 739 949; x_wconf 87' lang='lat' dir='ltr'>soret,</span> <span class='ocrx_word' id='word_1_71' title='bbox 761 915 890 942; x_wconf 87' lang='lat' dir='ltr'>tenores</span> <span class='ocrx_word' id='word_1_72' title='bbox 909 909 971 942; x_wconf 89' lang='lat' dir='ltr'>hu-</span> 
     </span>
     <span class='ocr_line' id='line_1_14' title="bbox 213 962 972 1004; baseline -0.005 -6"><span class='ocrx_word' id='word_1_73' title='bbox 213 963 365 1004; x_wconf 89' lang='lat' dir='ltr'>iusmodi,</span> <span class='ocrx_word' id='word_1_74' title='bbox 389 974 425 997; x_wconf 87' lang='lat' dir='ltr'>ac</span> <span class='ocrx_word' id='word_1_75' title='bbox 446 963 470 997; x_wconf 91' lang='lat' dir='ltr'>si</span> <span class='ocrx_word' id='word_1_76' title='bbox 491 964 529 997; x_wconf 92' lang='lat' dir='ltr'>de</span> <span class='ocrx_word' id='word_1_77' title='bbox 549 963 645 997; x_wconf 84' lang='lat' dir='ltr'>verbo</span> <span class='ocrx_word' id='word_1_78' title='bbox 669 963 708 996; x_wconf 88' lang='lat' dir='ltr'>ad</span> <span class='ocrx_word' id='word_1_79' title='bbox 732 962 865 995; x_wconf 90' lang='lat' dir='ltr'>verbum</span> <span class='ocrx_word' id='word_1_80' title='bbox 887 962 972 995; x_wconf 84' lang='lat' dir='ltr'>inse-</span> 
     </span>
     <span class='ocr_line' id='line_1_15' title="bbox 214 1015 971 1061; baseline -0.004 -10"><span class='ocrx_word' id='word_1_81' title='bbox 214 1023 374 1058; x_wconf 87' lang='lat' dir='ltr'>rerentur,</span> <span class='ocrx_word' id='word_1_82' title='bbox 389 1017 613 1061; x_wconf 87' lang='lat' dir='ltr'>praesentibus</span> <span class='ocrx_word' id='word_1_83' title='bbox 632 1027 691 1060; x_wconf 87' lang='lat' dir='ltr'>pro</span> <span class='ocrx_word' id='word_1_84' title='bbox 702 1015 900 1049; x_wconf 87' lang='lat' dir='ltr'>sufficienter</span> <span class='ocrx_word' id='word_1_85' title='bbox 918 1026 971 1048; x_wconf 84' lang='lat' dir='ltr'>ex-</span> 
     </span>
     <span class='ocr_line' id='line_1_16' title="bbox 214 1068 973 1116; baseline -0.003 -12"><span class='ocrx_word' id='word_1_86' title='bbox 214 1070 333 1116; x_wconf 87' lang='lat' dir='ltr'>pressis</span> <span class='ocrx_word' id='word_1_87' title='bbox 357 1070 523 1110; x_wconf 85' lang='lat' dir='ltr'>habentes,</span> <span class='ocrx_word' id='word_1_88' title='bbox 542 1070 604 1102; x_wconf 91' lang='lat' dir='ltr'>illis</span> <span class='ocrx_word' id='word_1_89' title='bbox 628 1068 706 1102; x_wconf 84' lang='lat' dir='ltr'>alias</span> <span class='ocrx_word' id='word_1_90' title='bbox 725 1069 757 1102; x_wconf 94' lang='lat' dir='ltr'>in</span> <span class='ocrx_word' id='word_1_91' title='bbox 777 1079 835 1102; x_wconf 88' lang='lat' dir='ltr'>suo</span> <span class='ocrx_word' id='word_1_92' title='bbox 856 1069 973 1102; x_wconf 82' lang='lat' dir='ltr'>robore</span> 
     </span>
     <span class='ocr_line' id='line_1_17' title="bbox 215 1121 972 1168; baseline -0.004 -11"><span class='ocrx_word' id='word_1_93' title='bbox 215 1124 449 1168; x_wconf 86' lang='lat' dir='ltr'>permansuris,</span> <span class='ocrx_word' id='word_1_94' title='bbox 471 1123 531 1156; x_wconf 92' lang='lat' dir='ltr'>hac</span> <span class='ocrx_word' id='word_1_95' title='bbox 558 1122 625 1156; x_wconf 87' lang='lat' dir='ltr'>vice</span> <span class='ocrx_word' id='word_1_96' title='bbox 646 1122 822 1161; x_wconf 82' lang='lat' dir='ltr'>dumtaxat,</span> <span class='ocrx_word' id='word_1_97' title='bbox 849 1121 972 1165; x_wconf 87' lang='lat' dir='ltr'>specia-</span> 
     </span>
     <span class='ocr_line' id='line_1_18' title="bbox 214 1175 975 1222; baseline -0.004 -11"><span class='ocrx_word' id='word_1_98' title='bbox 214 1178 289 1211; x_wconf 86' lang='lat' dir='ltr'>liter</span> <span class='ocrx_word' id='word_1_99' title='bbox 304 1183 334 1211; x_wconf 85' lang='lat' dir='ltr'>et</span> <span class='ocrx_word' id='word_1_100' title='bbox 349 1187 496 1222; x_wconf 85' lang='lat' dir='ltr'>expresse</span> <span class='ocrx_word' id='word_1_101' title='bbox 513 1176 705 1218; x_wconf 70' lang='lat' dir='ltr'>derogamus</span> <span class='ocrx_word' id='word_1_102' title='bbox 721 1175 889 1210; x_wconf 84' lang='lat' dir='ltr'>contrariis</span> <span class='ocrx_word' id='word_1_103' title='bbox 904 1176 975 1218; x_wconf 85' lang='lat' dir='ltr'>qui-</span> 
     </span>
     <span class='ocr_line' id='line_1_19' title="bbox 215 1228 975 1275; baseline -0.007 -10"><span class='ocrx_word' id='word_1_104' title='bbox 215 1231 432 1275; x_wconf 86' lang='lat' dir='ltr'>buscumque;</span> <span class='ocrx_word' id='word_1_105' title='bbox 455 1236 509 1264; x_wconf 86' lang='lat' dir='ltr'>aut</span> <span class='ocrx_word' id='word_1_106' title='bbox 525 1230 549 1263; x_wconf 92' lang='lat' dir='ltr'>si</span> <span class='ocrx_word' id='word_1_107' title='bbox 570 1229 740 1274; x_wconf 82' lang='lat' dir='ltr'>aliquibus,</span> <span class='ocrx_word' id='word_1_108' title='bbox 757 1228 975 1262; x_wconf 88' lang='lat' dir='ltr'>communiter</span> 
     </span>
     <span class='ocr_line' id='line_1_20' title="bbox 214 1282 973 1325; baseline -0.005 -7"><span class='ocrx_word' id='word_1_109' title='bbox 214 1284 262 1319; x_wconf 87' lang='lat' dir='ltr'>vel</span> <span class='ocrx_word' id='word_1_110' title='bbox 283 1284 420 1325; x_wconf 80' lang='lat' dir='ltr'>divisim,</span> <span class='ocrx_word' id='word_1_111' title='bbox 443 1283 482 1317; x_wconf 89' lang='lat' dir='ltr'>ab</span> <span class='ocrx_word' id='word_1_112' title='bbox 511 1283 623 1317; x_wconf 89' lang='lat' dir='ltr'>eadem</span> <span class='ocrx_word' id='word_1_113' title='bbox 644 1282 681 1315; x_wconf 89' lang='lat' dir='ltr'>sit</span> <span class='ocrx_word' id='word_1_114' title='bbox 706 1282 787 1316; x_wconf 87' lang='lat' dir='ltr'>Sede</span> <span class='ocrx_word' id='word_1_115' title='bbox 812 1283 973 1315; x_wconf 87' lang='lat' dir='ltr'>indultum</span> 
     </span>
     <span class='ocr_line' id='line_1_21' title="bbox 216 1335 975 1383; baseline -0.004 -12"><span class='ocrx_word' id='word_1_116' title='bbox 216 1338 303 1383; x_wconf 91' lang='lat' dir='ltr'>quod</span> <span class='ocrx_word' id='word_1_117' title='bbox 324 1336 484 1377; x_wconf 86' lang='lat' dir='ltr'>interdici,</span> <span class='ocrx_word' id='word_1_118' title='bbox 502 1336 654 1380; x_wconf 87' lang='lat' dir='ltr'>suspendi</span> <span class='ocrx_word' id='word_1_119' title='bbox 679 1336 727 1370; x_wconf 87' lang='lat' dir='ltr'>vel</span> <span class='ocrx_word' id='word_1_120' title='bbox 752 1335 975 1369; x_wconf 84' lang='lat' dir='ltr'>excommuni-</span> 
     </span>
     <span class='ocr_line' id='line_1_22' title="bbox 217 1388 977 1436; baseline -0.005 -11"><span class='ocrx_word' id='word_1_121' title='bbox 217 1391 283 1426; x_wconf 89' lang='lat' dir='ltr'>cari</span> <span class='ocrx_word' id='word_1_122' title='bbox 312 1402 377 1425; x_wconf 92' lang='lat' dir='ltr'>non</span> <span class='ocrx_word' id='word_1_123' title='bbox 410 1390 533 1436; x_wconf 88' lang='lat' dir='ltr'>possint</span> <span class='ocrx_word' id='word_1_124' title='bbox 558 1400 615 1433; x_wconf 90' lang='lat' dir='ltr'>per</span> <span class='ocrx_word' id='word_1_125' title='bbox 646 1389 755 1423; x_wconf 82' lang='lat' dir='ltr'>literas</span> <span class='ocrx_word' id='word_1_126' title='bbox 784 1388 977 1433; x_wconf 87' lang='lat' dir='ltr'>apostolicas</span> 
     </span>
     <span class='ocr_line' id='line_1_23' title="bbox 216 1441 977 1488; baseline -0.005 -9"><span class='ocrx_word' id='word_1_127' title='bbox 216 1455 282 1479; x_wconf 89' lang='lat' dir='ltr'>non</span> <span class='ocrx_word' id='word_1_128' title='bbox 306 1443 459 1478; x_wconf 77' lang='lat' dir='ltr'>facientes</span> <span class='ocrx_word' id='word_1_129' title='bbox 478 1444 606 1488; x_wconf 84' lang='lat' dir='ltr'>plenam</span> <span class='ocrx_word' id='word_1_130' title='bbox 624 1448 652 1476; x_wconf 90' lang='lat' dir='ltr'>et</span> <span class='ocrx_word' id='word_1_131' title='bbox 674 1453 855 1486; x_wconf 84' lang='lat' dir='ltr'>expressam</span> <span class='ocrx_word' id='word_1_132' title='bbox 877 1453 913 1475; x_wconf 90' lang='lat' dir='ltr'>ac</span> <span class='ocrx_word' id='word_1_133' title='bbox 939 1441 977 1475; x_wconf 92' lang='lat' dir='ltr'>de</span> 
     </span>
     <span class='ocr_line' id='line_1_24' title="bbox 216 1494 978 1532; baseline -0.004 -1"><span class='ocrx_word' id='word_1_134' title='bbox 216 1497 314 1532; x_wconf 90' lang='lat' dir='ltr'>verbo</span> <span class='ocrx_word' id='word_1_135' title='bbox 343 1498 382 1531; x_wconf 76' lang='lat' dir='ltr'>ad</span> <span class='ocrx_word' id='word_1_136' title='bbox 408 1497 543 1531; x_wconf 87' lang='lat' dir='ltr'>verbum</span> <span class='ocrx_word' id='word_1_137' title='bbox 567 1496 606 1530; x_wconf 89' lang='lat' dir='ltr'>de</span> <span class='ocrx_word' id='word_1_138' title='bbox 637 1496 762 1529; x_wconf 81' lang='lat' dir='ltr'>indulto</span> <span class='ocrx_word' id='word_1_139' title='bbox 790 1494 978 1529; x_wconf 88' lang='lat' dir='ltr'>huiusmodi</span> 
     </span>
     <span class='ocr_line' id='line_1_25' title="bbox 218 1551 429 1586; baseline -0.009 0"><span class='ocrx_word' id='word_1_140' title='bbox 218 1551 429 1586; x_wconf 85' lang='lat' dir='ltr'>mentionem.</span> 
     </span>
    </p>

    <p class='ocr_par' dir='ltr' id='par_1_4' title="bbox 219 1602 979 1810">
     <span class='ocr_line' id='line_1_26' title="bbox 261 1602 976 1647; baseline -0.006 -9"><span class='ocrx_word' id='word_1_141' title='bbox 261 1604 376 1638; x_wconf 83' lang='lat' dir='ltr'>Datum</span> <span class='ocrx_word' id='word_1_142' title='bbox 402 1604 523 1637; x_wconf 85' lang='lat' dir='ltr'>Romae</span> <span class='ocrx_word' id='word_1_143' title='bbox 544 1603 629 1647; x_wconf 87' lang='lat' dir='ltr'>apud</span> <span class='ocrx_word' id='word_1_144' title='bbox 658 1603 809 1637; x_wconf 87' lang='lat' dir='ltr'>Sanctum</span> <span class='ocrx_word' id='word_1_145' title='bbox 832 1602 976 1641; x_wconf 80' lang='lat' dir='ltr'>Petrum,</span> 
     </span>
     <span class='ocr_line' id='line_1_27' title="bbox 219 1655 977 1695; baseline -0.008 -2"><span class='ocrx_word' id='word_1_146' title='bbox 219 1659 279 1693; x_wconf 85' lang='lat' dir='ltr'>snb</span> <span class='ocrx_word' id='word_1_147' title='bbox 295 1659 416 1692; x_wconf 88' lang='lat' dir='ltr'>annulo</span> <span class='ocrx_word' id='word_1_148' title='bbox 432 1657 615 1695; x_wconf 77' lang='lat' dir='ltr'>piscatoris,</span> <span class='ocrx_word' id='word_1_149' title='bbox 641 1656 691 1690; x_wconf 89' lang='lat' dir='ltr'>die</span> <span class='ocrx_word' id='word_1_150' title='bbox 710 1666 792 1689; x_wconf 83' lang='lat' dir='ltr'>xxvii</span> <span class='ocrx_word' id='word_1_151' title='bbox 810 1655 977 1693; x_wconf 70' lang='lat' dir='ltr'>februarii,</span> 
     </span>
     <span class='ocr_line' id='line_1_28' title="bbox 220 1710 979 1755; baseline -0.005 -10"><span class='ocrx_word' id='word_1_152' title='bbox 220 1712 392 1746; x_wconf 90' lang='lat' dir='ltr'>millesimo</span> <span class='ocrx_word' id='word_1_153' title='bbox 412 1710 672 1755; x_wconf 82' lang='lat' dir='ltr'>quingentesimo</span> <span class='ocrx_word' id='word_1_154' title='bbox 703 1710 899 1753; x_wconf 72' lang='lat' dir='ltr'>sexagesimo</span> <span class='ocrx_word' id='word_1_155' title='bbox 930 1720 979 1741; x_wconf 87' lang='lat' dir='ltr'>se-</span> 
     </span>
     <span class='ocr_line' id='line_1_29' title="bbox 221 1764 859 1810; baseline -0.008 -10"><span class='ocrx_word' id='word_1_156' title='bbox 221 1766 342 1807; x_wconf 87' lang='lat' dir='ltr'>cundo,</span> <span class='ocrx_word' id='word_1_157' title='bbox 363 1765 570 1810; x_wconf 84' lang='lat' dir='ltr'>pontificatus</span> <span class='ocrx_word' id='word_1_158' title='bbox 590 1764 689 1797; x_wconf 81' lang='lat' dir='ltr'>nostri</span> <span class='ocrx_word' id='word_1_159' title='bbox 710 1773 794 1796; x_wconf 82' lang='lat' dir='ltr'>anno</span> <span class='ocrx_word' id='word_1_160' title='bbox 816 1773 859 1796; x_wconf 84' lang='lat' dir='ltr'>iu.</span> 
     </span>
    </p>

    <p class='ocr_par' dir='ltr' id='par_1_5' title="bbox 267 1822 933 1859">
     <span class='ocr_line' id='line_1_30' title="bbox 267 1822 933 1859; baseline -0.008 -5"><span class='ocrx_word' id='word_1_161' title='bbox 267 1824 326 1854; x_wconf 77' lang='lat' dir='ltr'>Dat.</span> <span class='ocrx_word' id='word_1_162' title='bbox 350 1826 397 1854; x_wconf 79' lang='lat' dir='ltr'>(lie</span> <span class='ocrx_word' id='word_1_163' title='bbox 415 1824 452 1853; x_wconf 63' lang='grc' dir='ltr'>ΞΤ</span> <span class='ocrx_word' id='word_1_164' title='bbox 477 1824 532 1853; x_wconf 69' lang='lat' dir='ltr'>feb.</span> <span class='ocrx_word' id='word_1_165' title='bbox 558 1823 649 1857; x_wconf 66' lang='grc'>1562,</span> <span class='ocrx_word' id='word_1_166' title='bbox 673 1822 769 1859; x_wconf 78' lang='lat' dir='ltr'>pontif</span> <span class='ocrx_word' id='word_1_167' title='bbox 795 1833 869 1849; x_wconf 70' lang='lat' dir='ltr'>anno</span> <span class='ocrx_word' id='word_1_168' title='bbox 895 1830 933 1849; x_wconf 93' lang='grc'>111.</span> 
     </span>
    </p>
   </div>
   <div class='ocr_carea' id='block_1_4' title="bbox 557 1970 656 2005">
    <p class='ocr_par' dir='ltr' id='par_1_6' title="bbox 557 1970 656 2005">
     <span class='ocr_line' id='line_1_31' title="bbox 557 1970 656 2005; baseline -0.03 0"><span class='ocrx_word' id='word_1_169' title='bbox 557 1970 656 2005; x_wconf 74' lang='lat' dir='ltr'>Lvitt.</span> 
     </span>
    </p>
   </div>
   <div class='ocr_carea' id='block_1_5' title="bbox 226 2042 986 2198">
    <p class='ocr_par' dir='ltr' id='par_1_7' title="bbox 226 2042 986 2198">
     <span class='ocr_line' id='line_1_32' title="bbox 226 2042 986 2090; baseline -0.013 -7"><span class='ocrx_word' id='word_1_170' title='bbox 226 2048 411 2083; x_wconf 73' lang='lat' dir='ltr'>Prohibitio</span> <span class='ocrx_word' id='word_1_171' title='bbox 422 2047 597 2090; x_wconf 74' lang='lat' dir='ltr'>deferendi,</span> <span class='ocrx_word' id='word_1_172' title='bbox 617 2045 780 2079; x_wconf 72' lang='lat' dir='ltr'>retinendi</span> <span class='ocrx_word' id='word_1_173' title='bbox 790 2048 818 2077; x_wconf 81' lang='lat' dir='ltr'>et</span> <span class='ocrx_word' id='word_1_174' title='bbox 830 2042 986 2075; x_wconf 66' lang='lat' dir='ltr'>vendendi</span> 
     </span>
     <span class='ocr_line' id='line_1_33' title="bbox 272 2097 984 2135; baseline -0.011 0"><span class='ocrx_word' id='word_1_175' title='bbox 272 2102 503 2135; x_wconf 70' lang='lat' dir='ltr'>arclzibusellos</span> <span class='ocrx_word' id='word_1_176' title='bbox 532 2100 687 2132; x_wconf 69' lang='lat' dir='ltr'>brevioris</span> <span class='ocrx_word' id='word_1_177' title='bbox 714 2107 881 2130; x_wconf 59' lang='lat' dir='ltr'>mensurae</span> <span class='ocrx_word' id='word_1_178' title='bbox 907 2097 984 2128; x_wconf 71' lang='lat' dir='ltr'>{luo-</span> 
     </span>
     <span class='ocr_line' id='line_1_34' title="bbox 272 2151 982 2198; baseline -0.013 -9"><span class='ocrx_word' id='word_1_179' title='bbox 272 2166 346 2189; x_wconf 78' lang='lat' dir='ltr'>rum</span> <span class='ocrx_word' id='word_1_180' title='bbox 371 2155 556 2198; x_wconf 71' lang='lat' dir='ltr'>palmorum</span> <span class='ocrx_word' id='word_1_181' title='bbox 576 2154 612 2185; x_wconf 68' lang='lat' dir='ltr'>in</span> <span class='ocrx_word' id='word_1_182' title='bbox 633 2152 729 2186; x_wconf 76' lang='lat' dir='ltr'>Statu</span> <span class='ocrx_word' id='word_1_183' title='bbox 749 2151 982 2184; x_wconf 75' lang='lat' dir='ltr'>Ecclesiastico.</span> 
     </span>
    </p>
   </div>
   <div class='ocr_carea' id='block_1_6' title="bbox 318 2231 927 2328">
    <p class='ocr_par' dir='ltr' id='par_1_8' title="bbox 318 2231 927 2328">
     <span class='ocr_line' id='line_1_35' title="bbox 318 2231 897 2269; baseline -0.01 -6"><span class='ocrx_word' id='word_1_184' title='bbox 318 2235 380 2264; x_wconf 77' lang='lat' dir='ltr'>rius</span> <span class='ocrx_word' id='word_1_185' title='bbox 400 2234 542 2269; x_wconf 81' lang='lat' dir='ltr'>episeopus</span> <span class='ocrx_word' id='word_1_186' title='bbox 566 2240 661 2260; x_wconf 83' lang='lat' dir='ltr'>servus</span> <span class='ocrx_word' id='word_1_187' title='bbox 677 2238 818 2259; x_wconf 82' lang='lat' dir='ltr'>servorum</span> <span class='ocrx_word' id='word_1_188' title='bbox 838 2231 897 2261; x_wconf 76' lang='lat' dir='ltr'>Dei.</span> 
     </span>
     <span class='ocr_line' id='line_1_36' title="bbox 379 2281 927 2328; baseline -0.009 -17"><span class='ocrx_word' id='word_1_189' title='bbox 379 2283 412 2311; x_wconf 82' lang='lat' dir='ltr'>ad</span> <span class='ocrx_word' id='word_1_190' title='bbox 431 2283 594 2318; x_wconf 77' lang='lat' dir='ltr'>perpetuam</span> <span class='ocrx_word' id='word_1_191' title='bbox 613 2281 653 2310; x_wconf 79' lang='lat' dir='ltr'>rei</span> <span class='ocrx_word' id='word_1_192' title='bbox 673 2287 841 2308; x_wconf 66' lang='lat' dir='ltr'>memiriam.</span> <span class='ocrx_word' id='word_1_193' title='bbox 887 2297 927 2328; x_wconf 36' lang='grc' dir='ltr'><strong><em>ἃ</em></strong></span> 
     </span>
    </p>
   </div>
   <div class='ocr_carea' id='block_1_7' title="bbox 276 2352 990 2395">
    <p class='ocr_par' dir='ltr' id='par_1_9' title="bbox 276 2352 990 2395">
     <span class='ocr_line' id='line_1_37' title="bbox 276 2352 990 2395; baseline -0.011 -4"><span class='ocrx_word' id='word_1_194' title='bbox 276 2357 355 2391; x_wconf 90' lang='lat' dir='ltr'>Cum</span> <span class='ocrx_word' id='word_1_195' title='bbox 370 2356 454 2390; x_wconf 86' lang='lat' dir='ltr'>vices</span> <span class='ocrx_word' id='word_1_196' title='bbox 469 2355 556 2395; x_wconf 88' lang='lat' dir='ltr'>Eius,</span> <span class='ocrx_word' id='word_1_197' title='bbox 577 2354 649 2387; x_wconf 84' lang='lat' dir='ltr'>licet</span> <span class='ocrx_word' id='word_1_198' title='bbox 661 2352 826 2391; x_wconf 86' lang='lat' dir='ltr'>immeriti,</span> <span class='ocrx_word' id='word_1_199' title='bbox 840 2361 990 2395; x_wconf 76' lang='lat' dir='ltr'>geramus</span> 
     </span>
    </p>
   </div>
   <div class='ocr_carea' id='block_1_8' title="bbox 61 2406 987 2454">
    <p class='ocr_par' dir='ltr' id='par_1_10' title="bbox 61 2406 987 2454">
     <span class='ocr_line' id='line_1_38' title="bbox 61 2406 987 2454; baseline -0.009 -8"><span class='ocrx_word' id='word_1_200' title='bbox 61 2419 127 2441; x_wconf 75' lang='lat' dir='ltr'>Causa</span> <span class='ocrx_word' id='word_1_201' title='bbox 159 2419 220 2440; x_wconf 73' lang='lat' dir='ltr'>buius</span> <span class='ocrx_word' id='word_1_202' title='bbox 233 2411 266 2444; x_wconf 88' lang='lat' dir='ltr'>in</span> <span class='ocrx_word' id='word_1_203' title='bbox 278 2413 385 2451; x_wconf 89' lang='lat' dir='ltr'>terris,</span> <span class='ocrx_word' id='word_1_204' title='bbox 403 2410 471 2454; x_wconf 88' lang='lat' dir='ltr'>qui,</span> <span class='ocrx_word' id='word_1_205' title='bbox 490 2410 528 2442; x_wconf 91' lang='lat' dir='ltr'>de</span> <span class='ocrx_word' id='word_1_206' title='bbox 539 2408 628 2441; x_wconf 85' lang='lat' dir='ltr'>caelo</span> <span class='ocrx_word' id='word_1_207' title='bbox 644 2407 682 2440; x_wconf 85' lang='lat' dir='ltr'>ad</span> <span class='ocrx_word' id='word_1_208' title='bbox 700 2407 763 2439; x_wconf 85' lang='lat' dir='ltr'>ima</span> <span class='ocrx_word' id='word_1_209' title='bbox 778 2406 987 2443; x_wconf 82' lang='lat' dir='ltr'>descendens,</span> 
     </span>
    </p>
   </div>
   <div class='ocr_carea' id='block_1_9' title="bbox 37 2452 190 2479">
    <p class='ocr_par' dir='ltr' id='par_1_11' title="bbox 37 2452 190 2479">
     <span class='ocr_line' id='line_1_39' title="bbox 37 2452 190 2479; baseline -0.02 -5"><span class='ocrx_word' id='word_1_210' title='bbox 37 2452 190 2479; x_wconf 73' lang='lat' dir='ltr'>prohibitionis.</span> 
     </span>
    </p>
   </div>
   <div class='ocr_carea' id='block_1_10' title="bbox 235 2455 995 2746">
    <p class='ocr_par' dir='ltr' id='par_1_12' title="bbox 235 2455 995 2746">
     <span class='ocr_line' id='line_1_40' title="bbox 235 2455 991 2505; baseline -0.012 -10"><span class='ocrx_word' id='word_1_211' title='bbox 235 2471 295 2505; x_wconf 91' lang='lat' dir='ltr'>pro</span> <span class='ocrx_word' id='word_1_212' title='bbox 325 2462 426 2494; x_wconf 86' lang='lat' dir='ltr'>salute</span> <span class='ocrx_word' id='word_1_213' title='bbox 455 2458 588 2492; x_wconf 87' lang='lat' dir='ltr'>humani</span> <span class='ocrx_word' id='word_1_214' title='bbox 623 2456 749 2500; x_wconf 77' lang='lat' dir='ltr'>generis</span> <span class='ocrx_word' id='word_1_215' title='bbox 777 2456 918 2499; x_wconf 84' lang='lat' dir='ltr'>seipsum</span> <span class='ocrx_word' id='word_1_216' title='bbox 952 2455 991 2487; x_wconf 89' lang='lat' dir='ltr'>ad</span> 
     </span>
     <span class='ocr_line' id='line_1_41' title="bbox 235 2505 991 2555; baseline -0.009 -11"><span class='ocrx_word' id='word_1_217' title='bbox 235 2510 346 2544; x_wconf 90' lang='lat' dir='ltr'>Crucis</span> <span class='ocrx_word' id='word_1_218' title='bbox 365 2510 547 2555; x_wconf 88' lang='lat' dir='ltr'>patibulum</span> <span class='ocrx_word' id='word_1_219' title='bbox 573 2506 700 2547; x_wconf 81' lang='lat' dir='ltr'>obtulit,</span> <span class='ocrx_word' id='word_1_220' title='bbox 724 2505 811 2539; x_wconf 91' lang='lat' dir='ltr'>omni</span> <span class='ocrx_word' id='word_1_221' title='bbox 832 2515 896 2549; x_wconf 91' lang='lat' dir='ltr'>quo</span> <span class='ocrx_word' id='word_1_222' title='bbox 917 2515 991 2549; x_wconf 89' lang='lat' dir='ltr'>pos-</span> 
     </span>
     <span class='ocr_line' id='line_1_42' title="bbox 235 2554 992 2599; baseline -0.011 -5"><span class='ocrx_word' id='word_1_223' title='bbox 235 2570 348 2593; x_wconf 87' lang='lat' dir='ltr'>sumus</span> <span class='ocrx_word' id='word_1_224' title='bbox 363 2559 481 2599; x_wconf 83' lang='lat' dir='ltr'>studio,</span> <span class='ocrx_word' id='word_1_225' title='bbox 495 2557 649 2591; x_wconf 90' lang='lat' dir='ltr'>continuo</span> <span class='ocrx_word' id='word_1_226' title='bbox 662 2555 826 2597; x_wconf 77' lang='lat' dir='ltr'>invigilare</span> <span class='ocrx_word' id='word_1_227' title='bbox 838 2554 992 2587; x_wconf 86' lang='lat' dir='ltr'>debemus</span> 
     </span>
     <span class='ocr_line' id='line_1_43' title="bbox 235 2603 993 2652; baseline -0.013 -8"><span class='ocrx_word' id='word_1_228' title='bbox 235 2616 272 2644; x_wconf 87' lang='lat' dir='ltr'>ut</span> <span class='ocrx_word' id='word_1_229' title='bbox 291 2609 395 2643; x_wconf 90' lang='lat' dir='ltr'>omnis</span> <span class='ocrx_word' id='word_1_230' title='bbox 411 2618 543 2652; x_wconf 89' lang='lat' dir='ltr'>prorsus</span> <span class='ocrx_word' id='word_1_231' title='bbox 560 2605 686 2639; x_wconf 86' lang='lat' dir='ltr'>occasio</span> <span class='ocrx_word' id='word_1_232' title='bbox 702 2603 889 2643; x_wconf 87' lang='lat' dir='ltr'>homicidia,</span> <span class='ocrx_word' id='word_1_233' title='bbox 912 2608 993 2635; x_wconf 87' lang='lat' dir='ltr'>tam-</span> 
     </span>
     <span class='ocr_line' id='line_1_44' title="bbox 236 2651 993 2704; baseline -0.013 -11"><span class='ocrx_word' id='word_1_234' title='bbox 236 2669 333 2704; x_wconf 88' lang='lat' dir='ltr'>quam</span> <span class='ocrx_word' id='word_1_235' title='bbox 353 2658 387 2691; x_wconf 90' lang='lat' dir='ltr'>in</span> <span class='ocrx_word' id='word_1_236' title='bbox 411 2656 554 2690; x_wconf 90' lang='lat' dir='ltr'>eiusdem</span> <span class='ocrx_word' id='word_1_237' title='bbox 579 2652 713 2688; x_wconf 89' lang='lat' dir='ltr'>humani</span> <span class='ocrx_word' id='word_1_238' title='bbox 737 2652 862 2696; x_wconf 84' lang='lat' dir='ltr'>generis</span> <span class='ocrx_word' id='word_1_239' title='bbox 884 2651 993 2696; x_wconf 88' lang='lat' dir='ltr'>perni-</span> 
     </span>
     <span class='ocr_line' id='line_1_45' title="bbox 238 2700 995 2746; baseline -0.013 -4"><span class='ocrx_word' id='word_1_240' title='bbox 238 2707 321 2742; x_wconf 86' lang='lat' dir='ltr'>ciem</span> <span class='ocrx_word' id='word_1_241' title='bbox 338 2705 513 2746; x_wconf 87' lang='lat' dir='ltr'>tendentia,</span> <span class='ocrx_word' id='word_1_242' title='bbox 532 2702 766 2744; x_wconf 86' lang='lat' dir='ltr'>committendi,</span> <span class='ocrx_word' id='word_1_243' title='bbox 789 2706 946 2745; x_wconf 87' lang='lat' dir='ltr'>quantum</span> <span class='ocrx_word' id='word_1_244' title='bbox 962 2700 995 2733; x_wconf 91' lang='lat' dir='ltr'>in</span> 
     </span>
    </p>
   </div>
   <div class='ocr_carea' id='block_1_11' title="bbox 994 1199 1009 2267">
    <p class='ocr_par' dir='ltr' id='par_1_13' title="bbox 994 1199 1009 2267">
     <span class='ocr_line' id='line_1_46' title="bbox 994 1199 1009 2267; baseline 0 0"><span class='ocrx_word' id='word_1_245' title='bbox 994 1199 1009 2267; x_wconf 95' lang='lat' dir='ltr'> </span> 
     </span>
    </p>
   </div>
   <div class='ocr_carea' id='block_1_12' title="bbox 1008 291 1791 2302">
    <p class='ocr_par' dir='ltr' id='par_1_14' title="bbox 1008 291 1773 1156">
     <span class='ocr_line' id='line_1_47' title="bbox 1653 291 1712 325; baseline 0 -1"><span class='ocrx_word' id='word_1_246' title='bbox 1653 291 1712 325; x_wconf 76' lang='lat'>171</span> 
     </span>
     <span class='ocr_line' id='line_1_48' title="bbox 1008 355 1764 403; baseline -0.017 -3"><span class='ocrx_word' id='word_1_247' title='bbox 1008 365 1100 400; x_wconf 88' lang='lat' dir='ltr'>nobis</span> <span class='ocrx_word' id='word_1_248' title='bbox 1111 368 1167 403; x_wconf 91' lang='lat' dir='ltr'>est,</span> <span class='ocrx_word' id='word_1_249' title='bbox 1179 361 1418 396; x_wconf 77' lang='lat' dir='ltr'>submoveatur.</span> <span class='ocrx_word' id='word_1_250' title='bbox 1433 359 1468 392; x_wconf 89' lang='lat' dir='ltr'>Et</span> <span class='ocrx_word' id='word_1_251' title='bbox 1481 357 1556 401; x_wconf 87' lang='lat' dir='ltr'>quia</span> <span class='ocrx_word' id='word_1_252' title='bbox 1568 355 1764 400; x_wconf 82' lang='lat' dir='ltr'>experientia</span> 
     </span>
     <span class='ocr_line' id='line_1_49' title="bbox 1009 412 1766 463; baseline -0.017 -9"><span class='ocrx_word' id='word_1_253' title='bbox 1009 418 1218 463; x_wconf 79' lang='lat' dir='ltr'>cognovimus</span> <span class='ocrx_word' id='word_1_254' title='bbox 1250 415 1443 459; x_wconf 82' lang='lat' dir='ltr'>quamplura</span> <span class='ocrx_word' id='word_1_255' title='bbox 1477 423 1513 445; x_wconf 86' lang='lat' dir='ltr'>ex</span> <span class='ocrx_word' id='word_1_256' title='bbox 1537 412 1600 444; x_wconf 89' lang='lat' dir='ltr'>illis</span> <span class='ocrx_word' id='word_1_257' title='bbox 1624 416 1766 443; x_wconf 88' lang='lat' dir='ltr'>tormen-</span> 
     </span>
     <span class='ocr_line' id='line_1_50' title="bbox 1010 464 1767 515; baseline -0.017 -7"><span class='ocrx_word' id='word_1_258' title='bbox 1010 474 1085 508; x_wconf 88' lang='lat' dir='ltr'>tulis</span> <span class='ocrx_word' id='word_1_259' title='bbox 1104 472 1216 515; x_wconf 80' lang='lat' dir='ltr'>igneis,</span> <span class='ocrx_word' id='word_1_260' title='bbox 1243 468 1469 504; x_wconf 85' lang='lat' dir='ltr'>archibusettis</span> <span class='ocrx_word' id='word_1_261' title='bbox 1491 465 1665 508; x_wconf 79' lang='lat' dir='ltr'>vulgariter</span> <span class='ocrx_word' id='word_1_262' title='bbox 1685 464 1767 497; x_wconf 72' lang='grc'>111111-</span> 
     </span>
     <span class='ocr_line' id='line_1_51' title="bbox 1011 519 1769 571; baseline -0.016 -10"><span class='ocrx_word' id='word_1_263' title='bbox 1011 526 1134 571; x_wconf 86' lang='lat' dir='ltr'>cupatis</span> <span class='ocrx_word' id='word_1_264' title='bbox 1159 527 1254 570; x_wconf 88' lang='lat' dir='ltr'>(quae</span> <span class='ocrx_word' id='word_1_265' title='bbox 1283 523 1409 557; x_wconf 88' lang='lat' dir='ltr'>occulte</span> <span class='ocrx_word' id='word_1_266' title='bbox 1437 519 1554 553; x_wconf 81' lang='lat' dir='ltr'>deferri</span> <span class='ocrx_word' id='word_1_267' title='bbox 1580 522 1714 563; x_wconf 89' lang='lat' dir='ltr'>possunt</span> <span class='ocrx_word' id='word_1_268' title='bbox 1738 523 1769 550; x_wconf 90' lang='lat' dir='ltr'>et</span> 
     </span>
     <span class='ocr_line' id='line_1_52' title="bbox 1010 571 1768 619; baseline -0.016 -5"><span class='ocrx_word' id='word_1_269' title='bbox 1010 581 1049 614; x_wconf 87' lang='lat' dir='ltr'>ad</span> <span class='ocrx_word' id='word_1_270' title='bbox 1069 590 1181 613; x_wconf 89' lang='lat' dir='ltr'>necem</span> <span class='ocrx_word' id='word_1_271' title='bbox 1199 577 1398 612; x_wconf 83' lang='lat' dir='ltr'>inferendam</span> <span class='ocrx_word' id='word_1_272' title='bbox 1419 574 1543 619; x_wconf 84' lang='lat' dir='ltr'>aptiora</span> <span class='ocrx_word' id='word_1_273' title='bbox 1563 578 1593 606; x_wconf 91' lang='lat' dir='ltr'>et</span> <span class='ocrx_word' id='word_1_274' title='bbox 1613 573 1678 605; x_wconf 86' lang='lat' dir='ltr'>fere</span> <span class='ocrx_word' id='word_1_275' title='bbox 1700 571 1768 603; x_wconf 88' lang='lat' dir='ltr'>ine-</span> 
     </span>
     <span class='ocr_line' id='line_1_53' title="bbox 1010 623 1769 671; baseline -0.014 -4"><span class='ocrx_word' id='word_1_276' title='bbox 1010 633 1149 667; x_wconf 84' lang='lat' dir='ltr'>vitabilia</span> <span class='ocrx_word' id='word_1_277' title='bbox 1170 643 1237 666; x_wconf 89' lang='lat' dir='ltr'>esse</span> <span class='ocrx_word' id='word_1_278' title='bbox 1261 630 1443 671; x_wconf 88' lang='lat' dir='ltr'>videntur),</span> <span class='ocrx_word' id='word_1_279' title='bbox 1470 629 1503 661; x_wconf 90' lang='lat' dir='ltr'>in</span> <span class='ocrx_word' id='word_1_280' title='bbox 1520 626 1586 660; x_wconf 86' lang='lat' dir='ltr'>dies</span> <span class='ocrx_word' id='word_1_281' title='bbox 1612 623 1769 659; x_wconf 87' lang='lat' dir='ltr'>committi</span> 
     </span>
     <span class='ocr_line' id='line_1_54' title="bbox 1012 680 1767 731; baseline -0.013 -11"><span class='ocrx_word' id='word_1_282' title='bbox 1012 693 1041 721; x_wconf 86' lang='lat' dir='ltr'>et</span> <span class='ocrx_word' id='word_1_283' title='bbox 1052 685 1241 731; x_wconf 84' lang='lat' dir='ltr'>perpetrari,</span> <span class='ocrx_word' id='word_1_284' title='bbox 1252 695 1312 718; x_wconf 90' lang='lat' dir='ltr'>nec</span> <span class='ocrx_word' id='word_1_285' title='bbox 1328 685 1494 722; x_wconf 86' lang='lat' dir='ltr'>hactenus,</span> <span class='ocrx_word' id='word_1_286' title='bbox 1506 681 1546 714; x_wconf 90' lang='lat' dir='ltr'>ob</span> <span class='ocrx_word' id='word_1_287' title='bbox 1558 680 1767 724; x_wconf 87' lang='lat' dir='ltr'>proclamata,</span> 
     </span>
     <span class='ocr_line' id='line_1_55' title="bbox 1012 731 1771 781; baseline -0.012 -8"><span class='ocrx_word' id='word_1_288' title='bbox 1012 740 1107 774; x_wconf 84' lang='lat' dir='ltr'>etiam</span> <span class='ocrx_word' id='word_1_289' title='bbox 1128 740 1187 772; x_wconf 87' lang='lat' dir='ltr'>sub</span> <span class='ocrx_word' id='word_1_290' title='bbox 1208 737 1400 781; x_wconf 76' lang='lat' dir='ltr'>gravissimis</span> <span class='ocrx_word' id='word_1_291' title='bbox 1421 734 1544 780; x_wconf 87' lang='lat' dir='ltr'>poenis,</span> <span class='ocrx_word' id='word_1_292' title='bbox 1562 731 1771 767; x_wconf 87' lang='lat' dir='ltr'>arectoribus</span> 
     </span>
     <span class='ocr_line' id='line_1_56' title="bbox 1014 788 1772 837; baseline -0.011 -11"><span class='ocrx_word' id='word_1_293' title='bbox 1014 792 1251 837; x_wconf 75' lang='lat' dir='ltr'>provinciarum</span> <span class='ocrx_word' id='word_1_294' title='bbox 1278 797 1309 825; x_wconf 89' lang='lat' dir='ltr'>et</span> <span class='ocrx_word' id='word_1_295' title='bbox 1324 798 1484 825; x_wconf 87' lang='lat' dir='ltr'>terrarum</span> <span class='ocrx_word' id='word_1_296' title='bbox 1494 788 1589 821; x_wconf 89' lang='lat' dir='ltr'>nobis</span> <span class='ocrx_word' id='word_1_297' title='bbox 1598 792 1628 821; x_wconf 86' lang='lat' dir='ltr'>et</span> <span class='ocrx_word' id='word_1_298' title='bbox 1644 791 1772 820; x_wconf 84' lang='lat' dir='ltr'>sanctae</span> 
     </span>
     <span class='ocr_line' id='line_1_57' title="bbox 1012 837 1773 881; baseline -0.012 -1"><span class='ocrx_word' id='word_1_299' title='bbox 1012 847 1175 880; x_wconf 85' lang='lat' dir='ltr'>Romanae</span> <span class='ocrx_word' id='word_1_300' title='bbox 1197 846 1357 879; x_wconf 87' lang='lat' dir='ltr'>Ecclesiae</span> <span class='ocrx_word' id='word_1_301' title='bbox 1385 843 1623 881; x_wconf 85' lang='lat' dir='ltr'>subiectarum,</span> <span class='ocrx_word' id='word_1_302' title='bbox 1645 840 1684 874; x_wconf 89' lang='lat' dir='ltr'>ab</span> <span class='ocrx_word' id='word_1_303' title='bbox 1710 837 1773 872; x_wconf 87' lang='lat' dir='ltr'>illis</span> 
     </span>
     <span class='ocr_line' id='line_1_58' title="bbox 1014 893 1772 939; baseline -0.012 -5"><span class='ocrx_word' id='word_1_304' title='bbox 1014 899 1207 939; x_wconf 82' lang='lat' dir='ltr'>deferendis,</span> <span class='ocrx_word' id='word_1_305' title='bbox 1235 898 1275 932; x_wconf 91' lang='lat' dir='ltr'>ob</span> <span class='ocrx_word' id='word_1_306' title='bbox 1292 898 1481 931; x_wconf 88' lang='lat' dir='ltr'>sicariorum</span> <span class='ocrx_word' id='word_1_307' title='bbox 1504 895 1645 939; x_wconf 87' lang='lat' dir='ltr'>copiam,</span> <span class='ocrx_word' id='word_1_308' title='bbox 1672 893 1772 926; x_wconf 90' lang='lat' dir='ltr'>auda-</span> 
     </span>
     <span class='ocr_line' id='line_1_59' title="bbox 1015 948 1771 993; baseline -0.011 -6"><span class='ocrx_word' id='word_1_309' title='bbox 1015 953 1109 993; x_wconf 85' lang='lat' dir='ltr'>ciam,</span> <span class='ocrx_word' id='word_1_310' title='bbox 1124 952 1239 986; x_wconf 90' lang='lat' dir='ltr'>cessari</span> <span class='ocrx_word' id='word_1_311' title='bbox 1252 958 1306 985; x_wconf 87' lang='lat' dir='ltr'>aut</span> <span class='ocrx_word' id='word_1_312' title='bbox 1322 949 1487 988; x_wconf 75' lang='lat' dir='ltr'>abstineri,</span> <span class='ocrx_word' id='word_1_313' title='bbox 1505 948 1686 993; x_wconf 89' lang='lat' dir='ltr'>quinimmo</span> <span class='ocrx_word' id='word_1_314' title='bbox 1699 956 1771 991; x_wconf 89' lang='lat' dir='ltr'>pas-</span> 
     </span>
     <span class='ocr_line' id='line_1_60' title="bbox 1015 1004 1773 1044; baseline -0.009 -5"><span class='ocrx_word' id='word_1_315' title='bbox 1015 1006 1074 1040; x_wconf 92' lang='lat' dir='ltr'>sim</span> <span class='ocrx_word' id='word_1_316' title='bbox 1104 1012 1134 1039; x_wconf 92' lang='lat' dir='ltr'>et</span> <span class='ocrx_word' id='word_1_317' title='bbox 1168 1004 1371 1044; x_wconf 88' lang='lat' dir='ltr'>indistincte,</span> <span class='ocrx_word' id='word_1_318' title='bbox 1403 1013 1467 1036; x_wconf 92' lang='lat' dir='ltr'>non</span> <span class='ocrx_word' id='word_1_319' title='bbox 1489 1012 1582 1035; x_wconf 87' lang='lat' dir='ltr'>secus</span> <span class='ocrx_word' id='word_1_320' title='bbox 1605 1011 1641 1034; x_wconf 89' lang='lat' dir='ltr'>ac</span> <span class='ocrx_word' id='word_1_321' title='bbox 1667 1005 1773 1034; x_wconf 87' lang='lat' dir='ltr'>cetera</span> 
     </span>
     <span class='ocr_line' id='line_1_61' title="bbox 1015 1053 1773 1103; baseline -0.008 -10"><span class='ocrx_word' id='word_1_322' title='bbox 1015 1070 1104 1093; x_wconf 88' lang='lat' dir='ltr'>arma</span> <span class='ocrx_word' id='word_1_323' title='bbox 1125 1059 1232 1092; x_wconf 81' lang='lat' dir='ltr'>minus</span> <span class='ocrx_word' id='word_1_324' title='bbox 1259 1057 1431 1103; x_wconf 85' lang='lat' dir='ltr'>prohibita,</span> <span class='ocrx_word' id='word_1_325' title='bbox 1457 1056 1496 1089; x_wconf 88' lang='lat' dir='ltr'>ab</span> <span class='ocrx_word' id='word_1_326' title='bbox 1526 1054 1678 1089; x_wconf 88' lang='lat' dir='ltr'>omnibus</span> <span class='ocrx_word' id='word_1_327' title='bbox 1706 1053 1773 1088; x_wconf 83' lang='lat' dir='ltr'>sere</span> 
     </span>
     <span class='ocr_line' id='line_1_62' title="bbox 1015 1112 1143 1156; baseline -0.008 -10"><span class='ocrx_word' id='word_1_328' title='bbox 1015 1112 1143 1156; x_wconf 85' lang='lat' dir='ltr'>gestari.</span> 
     </span>
    </p>

    <p class='ocr_par' dir='ltr' id='par_1_15' title="bbox 1017 1160 1791 2302">
     <span class='ocr_line' id='line_1_63' title="bbox 1061 1160 1773 1209; baseline -0.008 -10"><span class='ocrx_word' id='word_1_329' title='bbox 1061 1166 1118 1209; x_wconf 62' lang='lat' dir='ltr'>gl.</span> <span class='ocrx_word' id='word_1_330' title='bbox 1136 1164 1199 1198; x_wconf 82' lang='lat' dir='ltr'>Nos</span> <span class='ocrx_word' id='word_1_331' title='bbox 1211 1169 1393 1208; x_wconf 83' lang='lat' dir='ltr'>propterea,</span> <span class='ocrx_word' id='word_1_332' title='bbox 1405 1163 1548 1196; x_wconf 89' lang='lat' dir='ltr'>volentes</span> <span class='ocrx_word' id='word_1_333' title='bbox 1559 1160 1773 1205; x_wconf 89' lang='lat' dir='ltr'>proditorinm</span> 
     </span>
     <span class='ocr_line' id='line_1_64' title="bbox 1017 1216 1772 1252; baseline -0.008 0"><span class='ocrx_word' id='word_1_334' title='bbox 1017 1226 1047 1252; x_wconf 87' lang='lat' dir='ltr'>et</span> <span class='ocrx_word' id='word_1_335' title='bbox 1066 1218 1283 1252; x_wconf 83' lang='lat' dir='ltr'>abominabile</span> <span class='ocrx_word' id='word_1_336' title='bbox 1308 1224 1337 1251; x_wconf 86' lang='lat' dir='ltr'>et</span> <span class='ocrx_word' id='word_1_337' title='bbox 1363 1216 1585 1250; x_wconf 86' lang='lat' dir='ltr'>detestandum</span> <span class='ocrx_word' id='word_1_338' title='bbox 1607 1224 1772 1247; x_wconf 89' lang='lat' dir='ltr'>armorum</span> 
     </span>
     <span class='ocr_line' id='line_1_65' title="bbox 1017 1268 1775 1316; baseline -0.007 -11"><span class='ocrx_word' id='word_1_339' title='bbox 1017 1282 1118 1316; x_wconf 76' lang='lat' dir='ltr'>genus</span> <span class='ocrx_word' id='word_1_340' title='bbox 1147 1271 1333 1305; x_wconf 88' lang='lat' dir='ltr'>huiusmodi</span> <span class='ocrx_word' id='word_1_341' title='bbox 1361 1270 1489 1315; x_wconf 87' lang='lat' dir='ltr'>penitus</span> <span class='ocrx_word' id='word_1_342' title='bbox 1510 1275 1539 1303; x_wconf 87' lang='lat' dir='ltr'>et</span> <span class='ocrx_word' id='word_1_343' title='bbox 1565 1268 1696 1301; x_wconf 90' lang='lat' dir='ltr'>omnino</span> <span class='ocrx_word' id='word_1_344' title='bbox 1724 1268 1775 1301; x_wconf 91' lang='lat' dir='ltr'>de-</span> 
     </span>
     <span class='ocr_line' id='line_1_66' title="bbox 1018 1321 1778 1366; baseline -0.008 -7"><span class='ocrx_word' id='word_1_345' title='bbox 1018 1332 1154 1366; x_wconf 85' lang='lat' dir='ltr'>struere,</span> <span class='ocrx_word' id='word_1_346' title='bbox 1178 1337 1214 1359; x_wconf 83' lang='lat' dir='ltr'>ac</span> <span class='ocrx_word' id='word_1_347' title='bbox 1239 1326 1277 1358; x_wconf 87' lang='lat' dir='ltr'>ab</span> <span class='ocrx_word' id='word_1_348' title='bbox 1301 1326 1384 1358; x_wconf 87' lang='lat' dir='ltr'>alma</span> <span class='ocrx_word' id='word_1_349' title='bbox 1410 1323 1493 1358; x_wconf 81' lang='lat' dir='ltr'>Urbe</span> <span class='ocrx_word' id='word_1_350' title='bbox 1523 1322 1658 1365; x_wconf 85' lang='lat' dir='ltr'>aliisque</span> <span class='ocrx_word' id='word_1_351' title='bbox 1684 1321 1778 1355; x_wconf 85' lang='lat' dir='ltr'>terris</span> 
     </span>
     <span class='ocr_line' id='line_1_67' title="bbox 1019 1376 1779 1423; baseline -0.007 -10"><span class='ocrx_word' id='word_1_352' title='bbox 1019 1379 1136 1413; x_wconf 87' lang='lat' dir='ltr'>nostris</span> <span class='ocrx_word' id='word_1_353' title='bbox 1150 1378 1320 1423; x_wconf 83' lang='lat' dir='ltr'>praedictis</span> <span class='ocrx_word' id='word_1_354' title='bbox 1331 1378 1363 1411; x_wconf 90' lang='lat' dir='ltr'>in</span> <span class='ocrx_word' id='word_1_355' title='bbox 1375 1383 1477 1410; x_wconf 86' lang='lat' dir='ltr'>totum</span> <span class='ocrx_word' id='word_1_356' title='bbox 1494 1376 1673 1415; x_wconf 75' lang='lat' dir='ltr'>eliminare,</span> <span class='ocrx_word' id='word_1_357' title='bbox 1689 1381 1779 1408; x_wconf 88' lang='lat' dir='ltr'>motu</span> 
     </span>
     <span class='ocr_line' id='line_1_68' title="bbox 1020 1429 1780 1477; baseline -0.008 -10"><span class='ocrx_word' id='word_1_358' title='bbox 1020 1433 1154 1477; x_wconf 87' lang='lat' dir='ltr'>proprio</span> <span class='ocrx_word' id='word_1_359' title='bbox 1167 1438 1194 1466; x_wconf 90' lang='lat' dir='ltr'>et</span> <span class='ocrx_word' id='word_1_360' title='bbox 1208 1443 1244 1466; x_wconf 89' lang='lat' dir='ltr'>ex</span> <span class='ocrx_word' id='word_1_361' title='bbox 1266 1438 1352 1465; x_wconf 85' lang='lat' dir='ltr'>certa</span> <span class='ocrx_word' id='word_1_362' title='bbox 1374 1436 1482 1464; x_wconf 84' lang='lat' dir='ltr'>nostra</span> <span class='ocrx_word' id='word_1_363' title='bbox 1503 1429 1647 1469; x_wconf 81' lang='lat' dir='ltr'>scientia,</span> <span class='ocrx_word' id='word_1_364' title='bbox 1668 1429 1728 1462; x_wconf 88' lang='lat' dir='ltr'>hac</span> <span class='ocrx_word' id='word_1_365' title='bbox 1748 1429 1780 1461; x_wconf 92' lang='lat' dir='ltr'>in</span> 
     </span>
     <span class='ocr_line' id='line_1_69' title="bbox 1021 1482 1781 1531; baseline -0.008 -11"><span class='ocrx_word' id='word_1_366' title='bbox 1021 1493 1213 1531; x_wconf 86' lang='lat' dir='ltr'>perpetuum</span> <span class='ocrx_word' id='word_1_367' title='bbox 1225 1485 1360 1518; x_wconf 81' lang='lat' dir='ltr'>valitura</span> <span class='ocrx_word' id='word_1_368' title='bbox 1371 1482 1781 1521; x_wconf 84' lang='lat' dir='ltr'>constitutione,sancimus</span> 
     </span>
     <span class='ocr_line' id='line_1_70' title="bbox 1022 1535 1778 1581; baseline -0.007 -8"><span class='ocrx_word' id='word_1_369' title='bbox 1022 1540 1154 1579; x_wconf 90' lang='lat' dir='ltr'>nemini,</span> <span class='ocrx_word' id='word_1_370' title='bbox 1168 1539 1402 1581; x_wconf 78' lang='lat' dir='ltr'>cuiuscumque</span> <span class='ocrx_word' id='word_1_371' title='bbox 1415 1537 1440 1570; x_wconf 85' lang='lat' dir='ltr'>si</span> <span class='ocrx_word' id='word_1_372' title='bbox 1466 1535 1636 1581; x_wconf 69' lang='lat' dir='ltr'>dignitatis,</span> <span class='ocrx_word' id='word_1_373' title='bbox 1649 1535 1778 1577; x_wconf 69' lang='lat' dir='ltr'>gradus,</span> 
     </span>
     <span class='ocr_line' id='line_1_71' title="bbox 1022 1589 1780 1633; baseline -0.008 -7"><span class='ocrx_word' id='word_1_374' title='bbox 1022 1594 1164 1633; x_wconf 82' lang='lat' dir='ltr'>ordinis,</span> <span class='ocrx_word' id='word_1_375' title='bbox 1197 1591 1390 1626; x_wconf 82' lang='lat' dir='ltr'>conditionis</span> <span class='ocrx_word' id='word_1_376' title='bbox 1419 1597 1472 1624; x_wconf 85' lang='lat' dir='ltr'>aut</span> <span class='ocrx_word' id='word_1_377' title='bbox 1508 1589 1780 1633; x_wconf 80' lang='lat' dir='ltr'>praeeuiinentiae,</span> 
     </span>
     <span class='ocr_line' id='line_1_72' title="bbox 1023 1642 1781 1689; baseline -0.009 -9"><span class='ocrx_word' id='word_1_378' title='bbox 1023 1648 1119 1680; x_wconf 75' lang='lat' dir='ltr'>licere</span> <span class='ocrx_word' id='word_1_379' title='bbox 1144 1657 1246 1689; x_wconf 70' lang='lat' dir='ltr'>genus</span> <span class='ocrx_word' id='word_1_380' title='bbox 1266 1656 1431 1678; x_wconf 84' lang='lat' dir='ltr'>armorum</span> <span class='ocrx_word' id='word_1_381' title='bbox 1464 1643 1667 1681; x_wconf 78' lang='lat' dir='ltr'>huiusmodi,</span> <span class='ocrx_word' id='word_1_382' title='bbox 1695 1642 1781 1686; x_wconf 84' lang='lat' dir='ltr'>quod</span> 
     </span>
     <span class='ocr_line' id='line_1_73' title="bbox 1023 1698 1782 1741; baseline -0.007 -8"><span class='ocrx_word' id='word_1_383' title='bbox 1023 1700 1177 1733; x_wconf 82' lang='lat' dir='ltr'>brevioris</span> <span class='ocrx_word' id='word_1_384' title='bbox 1211 1700 1350 1732; x_wconf 81' lang='lat' dir='ltr'>duorum</span> <span class='ocrx_word' id='word_1_385' title='bbox 1390 1698 1573 1741; x_wconf 81' lang='lat' dir='ltr'>palmorum</span> <span class='ocrx_word' id='word_1_386' title='bbox 1613 1706 1782 1728; x_wconf 72' lang='lat' dir='ltr'>mensurae</span> 
     </span>
     <span class='ocr_line' id='line_1_74' title="bbox 1024 1749 1782 1796; baseline -0.007 -10"><span class='ocrx_word' id='word_1_387' title='bbox 1024 1755 1144 1792; x_wconf 82' lang='lat' dir='ltr'>existat,</span> <span class='ocrx_word' id='word_1_388' title='bbox 1158 1753 1284 1796; x_wconf 73' lang='lat' dir='ltr'>publice</span> <span class='ocrx_word' id='word_1_389' title='bbox 1294 1753 1339 1785; x_wconf 64' lang='lat' dir='ltr'>vel</span> <span class='ocrx_word' id='word_1_390' title='bbox 1354 1752 1490 1788; x_wconf 80' lang='lat' dir='ltr'>occulte,</span> <span class='ocrx_word' id='word_1_391' title='bbox 1503 1757 1566 1783; x_wconf 83' lang='lat' dir='ltr'>tam</span> <span class='ocrx_word' id='word_1_392' title='bbox 1583 1761 1637 1793; x_wconf 73' lang='lat' dir='ltr'>per</span> <span class='ocrx_word' id='word_1_393' title='bbox 1654 1749 1782 1788; x_wconf 62' lang='lat' dir='ltr'>Urbem,</span> 
     </span>
     <span class='ocr_line' id='line_1_75' title="bbox 1026 1804 1783 1847; baseline -0.008 -7"><span class='ocrx_word' id='word_1_394' title='bbox 1026 1807 1165 1840; x_wconf 75' lang='lat' dir='ltr'>civitates</span> <span class='ocrx_word' id='word_1_395' title='bbox 1186 1813 1213 1839; x_wconf 87' lang='lat' dir='ltr'>et</span> <span class='ocrx_word' id='word_1_396' title='bbox 1241 1807 1310 1838; x_wconf 88' lang='lat' dir='ltr'>loca</span> <span class='ocrx_word' id='word_1_397' title='bbox 1336 1811 1443 1838; x_wconf 77' lang='lat' dir='ltr'>nostru</span> <span class='ocrx_word' id='word_1_398' title='bbox 1472 1804 1653 1847; x_wconf 73' lang='lat' dir='ltr'>praedicta,</span> <span class='ocrx_word' id='word_1_399' title='bbox 1686 1814 1783 1846; x_wconf 79' lang='lat' dir='ltr'>quam</span> 
     </span>
     <span class='ocr_line' id='line_1_76' title="bbox 1026 1858 1785 1902; baseline -0.007 -9"><span class='ocrx_word' id='word_1_400' title='bbox 1026 1860 1120 1893; x_wconf 74' lang='lat' dir='ltr'>etiam</span> <span class='ocrx_word' id='word_1_401' title='bbox 1148 1861 1178 1892; x_wconf 86' lang='lat' dir='ltr'>in</span> <span class='ocrx_word' id='word_1_402' title='bbox 1203 1859 1383 1892; x_wconf 76' lang='lat' dir='ltr'>itineribus,</span> <span class='ocrx_word' id='word_1_403' title='bbox 1412 1869 1544 1902; x_wconf 79' lang='lat' dir='ltr'>quoquo</span> <span class='ocrx_word' id='word_1_404' title='bbox 1581 1858 1698 1896; x_wconf 79' lang='grc'>1110110,</span> <span class='ocrx_word' id='word_1_405' title='bbox 1731 1862 1785 1888; x_wconf 73' lang='lat' dir='ltr'>aut</span> 
     </span>
     <span class='ocr_line' id='line_1_77' title="bbox 1026 1909 1786 1958; baseline -0.008 -11"><span class='ocrx_word' id='word_1_406' title='bbox 1026 1913 1149 1958; x_wconf 83' lang='lat' dir='ltr'>quovis,</span> <span class='ocrx_word' id='word_1_407' title='bbox 1177 1913 1270 1946; x_wconf 84' lang='lat' dir='ltr'>etiam</span> <span class='ocrx_word' id='word_1_408' title='bbox 1299 1913 1429 1944; x_wconf 72' lang='lat' dir='ltr'>militiae</span> <span class='ocrx_word' id='word_1_409' title='bbox 1453 1918 1505 1943; x_wconf 84' lang='lat' dir='ltr'>ant</span> <span class='ocrx_word' id='word_1_410' title='bbox 1526 1911 1722 1943; x_wconf 84' lang='lat' dir='ltr'>executionis</span> <span class='ocrx_word' id='word_1_411' title='bbox 1740 1909 1786 1941; x_wconf 90' lang='lat' dir='ltr'>iu-</span> 
     </span>
     <span class='ocr_line' id='line_1_78' title="bbox 1027 1961 1786 2007; baseline -0.007 -11"><span class='ocrx_word' id='word_1_412' title='bbox 1027 1964 1140 2003; x_wconf 75' lang='lat' dir='ltr'>stitiae,</span> <span class='ocrx_word' id='word_1_413' title='bbox 1157 1969 1335 2007; x_wconf 79' lang='lat' dir='ltr'>praetextu,</span> <span class='ocrx_word' id='word_1_414' title='bbox 1350 1962 1473 1995; x_wconf 74' lang='lat' dir='ltr'>deferre</span> <span class='ocrx_word' id='word_1_415' title='bbox 1492 1961 1663 2004; x_wconf 75' lang='lat' dir='ltr'>minusque</span> <span class='ocrx_word' id='word_1_416' title='bbox 1684 1961 1714 1992; x_wconf 91' lang='lat' dir='ltr'>in</span> <span class='ocrx_word' id='word_1_417' title='bbox 1732 1961 1786 1991; x_wconf 79' lang='lat' dir='ltr'>do-</span> 
     </span>
     <span class='ocr_line' id='line_1_79' title="bbox 1029 2011 1787 2049; baseline -0.004 -4"><span class='ocrx_word' id='word_1_418' title='bbox 1029 2013 1133 2046; x_wconf 85' lang='lat' dir='ltr'>mibus</span> <span class='ocrx_word' id='word_1_419' title='bbox 1153 2018 1207 2045; x_wconf 80' lang='lat' dir='ltr'>aut</span> <span class='ocrx_word' id='word_1_420' title='bbox 1223 2012 1298 2044; x_wconf 72' lang='lat' dir='ltr'>aiibi</span> <span class='ocrx_word' id='word_1_421' title='bbox 1320 2011 1476 2049; x_wconf 84' lang='lat' dir='ltr'>retinere,</span> <span class='ocrx_word' id='word_1_422' title='bbox 1499 2011 1648 2049; x_wconf 76' lang='lat' dir='ltr'>vendere,</span> <span class='ocrx_word' id='word_1_423' title='bbox 1679 2020 1787 2042; x_wconf 80' lang='lat' dir='ltr'>emere</span> 
     </span>
     <span class='ocr_line' id='line_1_80' title="bbox 1028 2057 1787 2106; baseline -0.008 -11"><span class='ocrx_word' id='word_1_424' title='bbox 1028 2068 1083 2095; x_wconf 85' lang='lat' dir='ltr'>aut</span> <span class='ocrx_word' id='word_1_425' title='bbox 1098 2061 1356 2106; x_wconf 82' lang='lat' dir='ltr'>permutationis,</span> <span class='ocrx_word' id='word_1_426' title='bbox 1376 2060 1404 2092; x_wconf 91' lang='lat' dir='ltr'>in</span> <span class='ocrx_word' id='word_1_427' title='bbox 1424 2061 1565 2091; x_wconf 84' lang='lat' dir='ltr'>solutum</span> <span class='ocrx_word' id='word_1_428' title='bbox 1578 2057 1725 2097; x_wconf 72' lang='lat' dir='ltr'>dationis,</span> <span class='ocrx_word' id='word_1_429' title='bbox 1742 2058 1787 2101; x_wconf 90' lang='lat' dir='ltr'>pi-</span> 
     </span>
     <span class='ocr_line' id='line_1_81' title="bbox 1028 2107 1788 2155; baseline -0.007 -12"><span class='ocrx_word' id='word_1_430' title='bbox 1028 2110 1137 2155; x_wconf 73' lang='lat' dir='ltr'>gnoris</span> <span class='ocrx_word' id='word_1_431' title='bbox 1149 2111 1195 2143; x_wconf 79' lang='lat' dir='ltr'>vel</span> <span class='ocrx_word' id='word_1_432' title='bbox 1212 2120 1420 2154; x_wconf 81' lang='lat' dir='ltr'>quocumque</span> <span class='ocrx_word' id='word_1_433' title='bbox 1442 2108 1505 2141; x_wconf 78' lang='lat' dir='ltr'>alio</span> <span class='ocrx_word' id='word_1_434' title='bbox 1522 2108 1614 2140; x_wconf 71' lang='lat' dir='ltr'>titulo</span> <span class='ocrx_word' id='word_1_435' title='bbox 1632 2107 1788 2150; x_wconf 79' lang='lat' dir='ltr'>recipere,</span> 
     </span>
     <span class='ocr_line' id='line_1_82' title="bbox 1029 2155 1788 2204; baseline -0.007 -11"><span class='ocrx_word' id='word_1_436' title='bbox 1029 2161 1209 2204; x_wconf 83' lang='lat' dir='ltr'>quinimmo</span> <span class='ocrx_word' id='word_1_437' title='bbox 1235 2169 1432 2202; x_wconf 79' lang='lat' dir='ltr'>quicumque</span> <span class='ocrx_word' id='word_1_438' title='bbox 1464 2158 1516 2190; x_wconf 85' lang='lat' dir='ltr'>illa</span> <span class='ocrx_word' id='word_1_439' title='bbox 1543 2156 1713 2189; x_wconf 77' lang='lat' dir='ltr'>habuerint</span> <span class='ocrx_word' id='word_1_440' title='bbox 1739 2155 1788 2188; x_wconf 91' lang='lat' dir='ltr'>in-</span> 
     </span>
     <span class='ocr_line' id='line_1_83' title="bbox 1029 2204 1788 2252; baseline -0.007 -10"><span class='ocrx_word' id='word_1_441' title='bbox 1029 2216 1077 2243; x_wconf 83' lang='lat' dir='ltr'>tra</span> <span class='ocrx_word' id='word_1_442' title='bbox 1097 2209 1204 2252; x_wconf 67' lang='lat' dir='ltr'>viginti</span> <span class='ocrx_word' id='word_1_443' title='bbox 1221 2209 1346 2242; x_wconf 71' lang='lat' dir='ltr'>dierum</span> <span class='ocrx_word' id='word_1_444' title='bbox 1369 2207 1520 2251; x_wconf 76' lang='lat' dir='ltr'>spatium,</span> <span class='ocrx_word' id='word_1_445' title='bbox 1539 2218 1555 2238; x_wconf 87' lang='lat' dir='ltr'>a</span> <span class='ocrx_word' id='word_1_446' title='bbox 1572 2206 1621 2238; x_wconf 81' lang='lat' dir='ltr'>die</span> <span class='ocrx_word' id='word_1_447' title='bbox 1645 2204 1788 2248; x_wconf 76' lang='lat' dir='ltr'>publica-</span> 
     </span>
     <span class='ocr_line' id='line_1_84' title="bbox 1031 2253 1791 2302; baseline -0.009 -10"><span class='ocrx_word' id='word_1_448' title='bbox 1031 2259 1125 2292; x_wconf 89' lang='lat' dir='ltr'>tionis</span> <span class='ocrx_word' id='word_1_449' title='bbox 1147 2258 1322 2302; x_wconf 83' lang='lat' dir='ltr'>praesentis</span> <span class='ocrx_word' id='word_1_450' title='bbox 1340 2255 1577 2290; x_wconf 77' lang='lat' dir='ltr'>constitutionis</span> <span class='ocrx_word' id='word_1_451' title='bbox 1596 2254 1627 2286; x_wconf 88' lang='lat' dir='ltr'>in</span> <span class='ocrx_word' id='word_1_452' title='bbox 1646 2253 1723 2286; x_wconf 68' lang='lat' dir='ltr'>locis</span> <span class='ocrx_word' id='word_1_453' title='bbox 1744 2253 1791 2286; x_wconf 91' lang='lat' dir='ltr'>in-</span> 
     </span>
    </p>
   </div>
   <div class='ocr_carea' id='block_1_13' title="bbox 982 2303 1789 2351">
    <p class='ocr_par' dir='ltr' id='par_1_16' title="bbox 982 2303 1789 2351">
     <span class='ocr_line' id='line_1_85' title="bbox 982 2303 1789 2351; baseline -0.009 -10"><span class='ocrx_word' id='word_1_454' title='bbox 982 2306 985 2309; x_wconf 76' lang='grc'><strong>’</strong></span> <span class='ocrx_word' id='word_1_455' title='bbox 1033 2308 1208 2351; x_wconf 83' lang='lat' dir='ltr'>frascriptis</span> <span class='ocrx_word' id='word_1_456' title='bbox 1219 2306 1371 2339; x_wconf 63' lang='lat' dir='ltr'>t&#39;aciendae</span> <span class='ocrx_word' id='word_1_457' title='bbox 1381 2304 1648 2348; x_wconf 76' lang='lat' dir='ltr'>compntandum,</span> <span class='ocrx_word' id='word_1_458' title='bbox 1664 2303 1694 2335; x_wconf 89' lang='lat' dir='ltr'>in</span> <span class='ocrx_word' id='word_1_459' title='bbox 1706 2304 1789 2335; x_wconf 88' lang='lat' dir='ltr'>alma</span> 
     </span>
    </p>
   </div>
   <div class='ocr_carea' id='block_1_14' title="bbox 1032 2351 1794 2744">
    <p class='ocr_par' dir='ltr' id='par_1_17' title="bbox 1032 2351 1792 2694">
     <span class='ocr_line' id='line_1_86' title="bbox 1032 2351 1790 2397; baseline -0.009 -7"><span class='ocrx_word' id='word_1_460' title='bbox 1032 2357 1116 2390; x_wconf 66' lang='lat' dir='ltr'>Urbe</span> <span class='ocrx_word' id='word_1_461' title='bbox 1145 2362 1266 2395; x_wconf 81' lang='lat' dir='ltr'>nostra,</span> <span class='ocrx_word' id='word_1_462' title='bbox 1294 2355 1380 2388; x_wconf 81' lang='lat' dir='ltr'>illius</span> <span class='ocrx_word' id='word_1_463' title='bbox 1400 2352 1625 2397; x_wconf 72' lang='lat' dir='ltr'>gubernatori3</span> <span class='ocrx_word' id='word_1_464' title='bbox 1662 2352 1694 2384; x_wconf 90' lang='lat' dir='ltr'>in</span> <span class='ocrx_word' id='word_1_465' title='bbox 1720 2351 1790 2384; x_wconf 82' lang='lat' dir='ltr'>aliis</span> 
     </span>
     <span class='ocr_line' id='line_1_87' title="bbox 1032 2401 1788 2450; baseline -0.009 -10"><span class='ocrx_word' id='word_1_466' title='bbox 1032 2418 1106 2440; x_wconf 79' lang='lat' dir='ltr'>vero</span> <span class='ocrx_word' id='word_1_467' title='bbox 1128 2406 1206 2439; x_wconf 82' lang='lat' dir='ltr'>locis</span> <span class='ocrx_word' id='word_1_468' title='bbox 1226 2405 1410 2450; x_wconf 78' lang='lat' dir='ltr'>praedictis,</span> <span class='ocrx_word' id='word_1_469' title='bbox 1435 2403 1552 2437; x_wconf 77' lang='lat' dir='ltr'>rectori</span> <span class='ocrx_word' id='word_1_470' title='bbox 1578 2403 1624 2435; x_wconf 78' lang='lat' dir='ltr'>vei</span> <span class='ocrx_word' id='word_1_471' title='bbox 1651 2401 1788 2446; x_wconf 83' lang='lat' dir='ltr'>praesidi</span> 
     </span>
     <span class='ocr_line' id='line_1_88' title="bbox 1034 2451 1790 2496; baseline -0.008 -7"><span class='ocrx_word' id='word_1_472' title='bbox 1034 2462 1086 2489; x_wconf 88' lang='lat' dir='ltr'>aut</span> <span class='ocrx_word' id='word_1_473' title='bbox 1108 2456 1202 2489; x_wconf 89' lang='lat' dir='ltr'>etiam</span> <span class='ocrx_word' id='word_1_474' title='bbox 1223 2453 1444 2496; x_wconf 68' lang='lat' dir='ltr'>gubernatori,</span> <span class='ocrx_word' id='word_1_475' title='bbox 1469 2463 1524 2485; x_wconf 87' lang='lat' dir='ltr'>seu</span> <span class='ocrx_word' id='word_1_476' title='bbox 1542 2452 1641 2485; x_wconf 83' lang='lat' dir='ltr'>cuivis</span> <span class='ocrx_word' id='word_1_477' title='bbox 1666 2451 1719 2484; x_wconf 91' lang='lat' dir='ltr'>alii</span> <span class='ocrx_word' id='word_1_478' title='bbox 1736 2461 1790 2483; x_wconf 86' lang='lat' dir='ltr'>su-</span> 
     </span>
     <span class='ocr_line' id='line_1_89' title="bbox 1036 2499 1788 2548; baseline -0.007 -10"><span class='ocrx_word' id='word_1_479' title='bbox 1036 2505 1154 2548; x_wconf 90' lang='lat' dir='ltr'>periori</span> <span class='ocrx_word' id='word_1_480' title='bbox 1176 2503 1258 2544; x_wconf 89' lang='lat' dir='ltr'>loci,</span> <span class='ocrx_word' id='word_1_481' title='bbox 1286 2503 1319 2535; x_wconf 90' lang='lat' dir='ltr'>in</span> <span class='ocrx_word' id='word_1_482' title='bbox 1339 2512 1403 2546; x_wconf 88' lang='lat' dir='ltr'>quo</span> <span class='ocrx_word' id='word_1_483' title='bbox 1421 2513 1457 2534; x_wconf 82' lang='lat' dir='ltr'>ea</span> <span class='ocrx_word' id='word_1_484' title='bbox 1478 2502 1632 2534; x_wconf 88' lang='lat' dir='ltr'>habentes</span> <span class='ocrx_word' id='word_1_485' title='bbox 1653 2499 1788 2540; x_wconf 81' lang='lat' dir='ltr'>suerint,</span> 
     </span>
     <span class='ocr_line' id='line_1_90' title="bbox 1035 2551 1792 2595; baseline -0.008 -8"><span class='ocrx_word' id='word_1_486' title='bbox 1035 2553 1244 2592; x_wconf 85' lang='lat' dir='ltr'>denunciare,</span> <span class='ocrx_word' id='word_1_487' title='bbox 1269 2557 1297 2585; x_wconf 86' lang='lat' dir='ltr'>et</span> <span class='ocrx_word' id='word_1_488' title='bbox 1319 2552 1356 2584; x_wconf 89' lang='lat' dir='ltr'>ad</span> <span class='ocrx_word' id='word_1_489' title='bbox 1378 2562 1453 2584; x_wconf 90' lang='lat' dir='ltr'>eum</span> <span class='ocrx_word' id='word_1_490' title='bbox 1475 2551 1618 2595; x_wconf 81' lang='lat' dir='ltr'>perferre</span> <span class='ocrx_word' id='word_1_491' title='bbox 1640 2560 1696 2582; x_wconf 89' lang='lat' dir='ltr'>seu</span> <span class='ocrx_word' id='word_1_492' title='bbox 1719 2559 1792 2592; x_wconf 91' lang='lat' dir='ltr'>per-</span> 
     </span>
     <span class='ocr_line' id='line_1_91' title="bbox 1037 2597 1792 2644; baseline -0.008 -9"><span class='ocrx_word' id='word_1_493' title='bbox 1037 2603 1112 2635; x_wconf 74' lang='lat' dir='ltr'>ferri</span> <span class='ocrx_word' id='word_1_494' title='bbox 1131 2603 1235 2635; x_wconf 82' lang='lat' dir='ltr'>facere</span> <span class='ocrx_word' id='word_1_495' title='bbox 1253 2612 1290 2634; x_wconf 87' lang='lat' dir='ltr'>ac</span> <span class='ocrx_word' id='word_1_496' title='bbox 1311 2611 1409 2644; x_wconf 90' lang='lat' dir='ltr'>penes</span> <span class='ocrx_word' id='word_1_497' title='bbox 1429 2600 1535 2643; x_wconf 84' lang='lat' dir='ltr'>ipsum</span> <span class='ocrx_word' id='word_1_498' title='bbox 1557 2599 1589 2631; x_wconf 91' lang='lat' dir='ltr'>in</span> <span class='ocrx_word' id='word_1_499' title='bbox 1609 2599 1681 2631; x_wconf 90' lang='lat' dir='ltr'>loco</span> <span class='ocrx_word' id='word_1_500' title='bbox 1702 2597 1740 2630; x_wconf 85' lang='lat' dir='ltr'>ad</span> <span class='ocrx_word' id='word_1_501' title='bbox 1763 2597 1792 2630; x_wconf 92' lang='lat' dir='ltr'>id</span> 
     </span>
     <span class='ocr_line' id='line_1_92' title="bbox 1037 2649 1790 2694; baseline -0.009 -10"><span class='ocrx_word' id='word_1_502' title='bbox 1037 2651 1232 2694; x_wconf 88' lang='lat' dir='ltr'>deputando,</span> <span class='ocrx_word' id='word_1_503' title='bbox 1253 2649 1406 2683; x_wconf 80' lang='lat' dir='ltr'>servanda</span> <span class='ocrx_word' id='word_1_504' title='bbox 1427 2649 1586 2682; x_wconf 88' lang='lat' dir='ltr'>dimittere</span> <span class='ocrx_word' id='word_1_505' title='bbox 1611 2651 1790 2680; x_wconf 88' lang='lat' dir='ltr'>teneantur.</span> 
     </span>
    </p>

    <p class='ocr_par' dir='ltr' id='par_1_18' title="bbox 1083 2697 1794 2744">
     <span class='ocr_line' id='line_1_93' title="bbox 1083 2697 1794 2744; baseline -0.01 -11"><span class='ocrx_word' id='word_1_506' title='bbox 1083 2700 1097 2744; x_wconf 67' lang='grc' dir='ltr'><strong>ἓ</strong></span> <span class='ocrx_word' id='word_1_507' title='bbox 1118 2699 1147 2733; x_wconf 72' lang='lat'>2.</span> <span class='ocrx_word' id='word_1_508' title='bbox 1171 2699 1230 2738; x_wconf 87' lang='lat' dir='ltr'>Qui</span> <span class='ocrx_word' id='word_1_509' title='bbox 1254 2710 1330 2733; x_wconf 84' lang='lat' dir='ltr'>vero</span> <span class='ocrx_word' id='word_1_510' title='bbox 1349 2698 1584 2738; x_wconf 83' lang='lat' dir='ltr'>contrafecerit,</span> <span class='ocrx_word' id='word_1_511' title='bbox 1604 2697 1794 2738; x_wconf 89' lang='lat' dir='ltr'>dictumque</span> 
     </span>
    </p>
   </div>
   <div class='ocr_carea' id='block_1_15' title="bbox 1777 296 1962 326">
    <p class='ocr_par' dir='ltr' id='par_1_19' title="bbox 1777 296 1962 326">
     <span class='ocr_line' id='line_1_94' title="bbox 1777 296 1962 326; baseline -0.027 0"><span class='ocrx_word' id='word_1_512' title='bbox 1777 298 1828 326; x_wconf 73' lang='lat' dir='ltr'>An.</span> <span class='ocrx_word' id='word_1_513' title='bbox 1846 296 1874 323; x_wconf 93' lang='lat' dir='ltr'>C.</span> <span class='ocrx_word' id='word_1_514' title='bbox 1895 296 1962 323; x_wconf 68' lang='lat'>¹562</span> 
     </span>
    </p>
   </div>
   <div class='ocr_carea' id='block_1_16' title="bbox 1790 1164 1981 1348">
    <p class='ocr_par' dir='ltr' id='par_1_20' title="bbox 1790 1164 1981 1348">
     <span class='ocr_line' id='line_1_95' title="bbox 1810 1164 1981 1186; baseline 0 -1"><span class='ocrx_word' id='word_1_515' title='bbox 1810 1164 1926 1186; x_wconf 76' lang='lat' dir='ltr'>Prohibitto</span> <span class='ocrx_word' id='word_1_516' title='bbox 1941 1166 1981 1186; x_wconf 79' lang='lat' dir='ltr'>de.</span> 
     </span>
     <span class='ocr_line' id='line_1_96' title="bbox 1790 1197 1978 1217; baseline -0.011 0"><span class='ocrx_word' id='word_1_517' title='bbox 1790 1197 1870 1217; x_wconf 72' lang='lat' dir='ltr'>terendi</span> <span class='ocrx_word' id='word_1_518' title='bbox 1888 1201 1907 1216; x_wconf 80' lang='grc'>1-1.</span> <span class='ocrx_word' id='word_1_519' title='bbox 1924 1197 1978 1216; x_wconf 62' lang='lat' dir='ltr'>reti&lt;</span> 
     </span>
     <span class='ocr_line' id='line_1_97' title="bbox 1791 1227 1976 1248; baseline 0 0"><span class='ocrx_word' id='word_1_520' title='bbox 1791 1229 1852 1248; x_wconf 71' lang='lat' dir='ltr'>nendi</span> <span class='ocrx_word' id='word_1_521' title='bbox 1876 1227 1976 1248; x_wconf 69' lang='lat' dir='ltr'>uret-:bu-</span> 
     </span>
     <span class='ocr_line' id='line_1_98' title="bbox 1791 1259 1976 1279; baseline -0.005 0"><span class='ocrx_word' id='word_1_522' title='bbox 1791 1262 1858 1279; x_wconf 77' lang='lat' dir='ltr'>senos</span> <span class='ocrx_word' id='word_1_523' title='bbox 1872 1259 1976 1278; x_wconf 65' lang='lat' dir='ltr'>brevioris</span> 
     </span>
     <span class='ocr_line' id='line_1_99' title="bbox 1792 1291 1980 1311; baseline -0.021 0"><span class='ocrx_word' id='word_1_524' title='bbox 1792 1295 1903 1311; x_wconf 69' lang='lat' dir='ltr'>metunt-ae</span> <span class='ocrx_word' id='word_1_525' title='bbox 1927 1291 1980 1310; x_wconf 82' lang='lat' dir='ltr'>duo-</span> 
     </span>
     <span class='ocr_line' id='line_1_100' title="bbox 1792 1321 1977 1348; baseline -0.016 -5"><span class='ocrx_word' id='word_1_526' title='bbox 1792 1327 1837 1344; x_wconf 83' lang='lat' dir='ltr'>rum</span> <span class='ocrx_word' id='word_1_527' title='bbox 1853 1321 1977 1348; x_wconf 76' lang='lat' dir='ltr'>palmorum.</span> 
     </span>
    </p>
   </div>
  </div>
 </body>
</html>
