2237 3100
46 259 99 287 An.
118 259 148 287 C.
161 259 230 288 ¹568

45 858 150 885 Regimini
171 859 227 880 ordi-

44 892 151 912 nariorum
165 891 228 912 subii·

44 922 134 942 ciuntur.

86 1562 131 1584 Hoc
145 1565 224 1586 eisdem

43 1595 156 1616 ordinariis
204 1598 223 1617 in

42 1626 120 1647 vii-inte
175 1633 225 1648 san-

42 1659 89 1678 ctae
100 1657 224 1679 obedientiae

42 1690 178 1717 praecipitur,

42 1995 95 2017 Data
133 1998 163 2017 eis
191 1997 224 2017 sa—

41 2028 120 2049 canate
148 2029 224 2050 inobe-

42 2060 125 2081 dientes
170 2066 224 2088 poe-

41 2092 225 2118 ntssptriiu-aubus

41 2125 162 2144 coercendi.

925 264 994 288 PIUS
1016 265 1035 288 V
1059 265 1106 289 1³1‘.

243 316 355 345 tenore
368 311 599 356 praesentium,
613 313 741 357 penitus
751 314 944 349 absolvimus
956 327 993 350 ac

244 364 383 399 totaliter
398 365 588 408 liberamus3
606 377 725 412 eosque
745 368 784 401 ab
805 368 992 403 huiusmodi

243 428 343 452 onere
359 419 532 461 absolutos,
553 421 672 455 liberos
691 427 722 454 et
740 421 901 456 immunes
925 424 992 457 fore

243 477 274 506 et
290 483 371 515 esse,
393 484 453 508 nec
464 475 617 519 deinceps
635 475 755 517 inillis,
776 476 887 521 quovis
902 488 994 521 prae-

243 533 330 561 textu
363 534 417 562 aut
445 530 590 573 quaesito
624 531 752 572 colore,
775 541 808 564 se
832 531 993 565 ullatenus

243 582 457 616 intromittere
478 594 569 627 posse
588 595 693 628 neque
705 585 834 626 debere,
849 585 993 619 decerni-

242 646 327 677 1nus;
349 648 385 670 ac
401 636 546 680 ipsorum
568 639 839 672 monasteriorum
867 640 992 673 monia-

243 691 321 724 lium
343 702 453 724 curam
464 698 495 725 et.
505 692 698 735 gubernium
712 693 831 726 eisdem
843 694 993 728 fratribus

242 744 281 778 de
301 751 428 778 caetero
449 745 581 778 omnino
597 745 830 779 interdicimus.

287 799 301 842 ξ
325 799 357 831 2.
379 799 424 833 Ne
444 805 551 832 autem
571 800 639 843 ipsa
659 800 849 833 monialium
880 813 988 835 mona⁴

242 851 338 885 steria
353 858 526 898 propterea
543 854 576 886 in
589 849 809 898 spiritualibus
843 861 898 888 aut
914 861 993 888 tem-

241 907 408 951 poralibus
421 907 651 942 detrimentum
664 908 795 951 aliquod
815 909 990 953 patiantur,

241 966 370 995 nostrae
380 961 599 1005 providentiae
622 961 788 1005 diligentia
809 969 993 1007 opportune

241 1015 427 1059 prospicere
455 1016 642 1060 cupientes,
665 1017 776 1050 eadem
802 1017 993 1050 monialium

240 1070 435 1103 monasteria
460 1070 569 1103 onmia
593 1075 623 1103 et
639 1070 763 1112 singula
779 1071 925 1103 locorum
943 1082 992 1104 or-

240 1122 383 1163 dinariis,
399 1124 429 1156 in
447 1136 586 1166 quorum
604 1124 781 1157 ‹ivilalibus
796 1132 846 1157 aut
869 1125 992 1157 ilium-0.-

241 1176 328 1210 sibus
348 1177 524 1222 respective
545 1180 744 1219 consistunt,
768 1190 823 1221 per
843 1190 897 1212 ees
922 1180 991 1213 seli-

236 1226 320 1263 ¹citer
356 1232 497 1274 regenda
535 1238 566 1265 et
605 1243 759 1276 prospere
794 1232 960 1276 dirigenda
982 1260 990 1273 ,

240 1285 430 1318 auctoritate
450 1292 480 1319 et
500 1291 612 1319 tenore
633 1286 815 1330 praedictis,
838 1292 929 1319 motu
949 1286 991 1319 si-

239 1337 308 1370 mili
328 1339 518 1373 subiicimus
538 1345 634 1384 atque
645 1340 872 1384 supponimus,
891 1351 992 1385 eaque

239 1391 279 1424 ab
299 1392 376 1437 ipsis
391 1393 562 1427 ordinariis
593 1393 659 1437 regi
679 1400 707 1427 et
731 1394 904 1437 gubernari
935 1396 991 1428 de-

238 1444 315 1479 bere
334 1447 482 1481 volumus
502 1458 539 1481 ac
555 1448 756 1481 mandamus.

284 1501 299 1545 ἓ
323 1501 355 1535 3.
382 1502 419 1535 Et
438 1507 469 1534 ut
496 1503 526 1535 iil
551 1508 697 1546 prompte
724 1504 923 1547 tituffltg-rquff
941 1514 990 1536 su—

240 1555 377 1601 scipiant
393 1563 424 1590 et
439 1563 650 1602 exequantur,
668 1557 713 1590 eis
734 1557 765 1591 in
781 1558 897 1591 virtute
918 1569 990 1591 san-

240 1615 308 1643 ctae
324 1610 525 1645 obedientiae
546 1612 705 1652 iubemus,
726 1623 904 1655 curamque
925 1623 991 1645 mo-

240 1665 453 1699 nasteriorum
474 1666 663 1700 huiusmodi
679 1667 761 1700 bene
773 1678 809 1699 ac
821 1666 992 1709 diligenter

238 1730 351 1762 gerere
370 1725 400 1753 et
417 1731 579 1762 exercere,
607 1720 710 1754 donee
735 1720 826 1753 aliter
851 1731 908 1764 per
934 1731 991 1753 nos

237 1784 296 1806 seu
315 1785 517 1808 successores
541 1780 667 1808 nostros
693 1775 855 1808 Romanos
882 1775 990 1807 Ponti-

238 1827 314 1861 fices
334 1828 472 1873 desuper
496 1829 592 1862 suerit
612 1829 796 1862 ordinatum
819 1856 825 1869 ,
849 1828 990 1862 districte

238 1881 466 1926 praecipimus.

281 1936 297 1979 ἓ
328 1935 359 1969 4.
384 1936 566 1969 Mandantes
601 1936 721 1969 eisdem
751 1936 934 1975 ordinariis,
958 1942 992 1969 nt

239 1990 492 2023 contradictores
511 1990 669 2033 quoslibet
691 1995 720 2023 et
734 1990 881 2031 rebelles,
902 2002 991 2034 prae-

239 2043 383 2077 sentibus
402 2045 520 2077 nostris
535 2044 648 2078 litteris
666 2055 779 2088 parere
804 2052 991 2078 recusantes

239 2108 295 2131 seu
315 2098 499 2132 differentes
516 2125 523 2139 ,
543 2098 665 2132 etiamsi
686 2098 760 2132 dicti
778 2099 891 2132 fratres
923 2099 991 2133 fue-

239 2152 326 2194 rint,
372 2164 429 2196 per
453 2164 573 2197 poenas
597 2153 657 2186 sibi
683 2153 859 2193 benevisas,
895 2153 989 2187 etiam

238 2206 452 2251 pecuniarias,
470 2218 506 2240 ac
526 2207 658 2240 demum
683 2217 741 2251 per
766 2207 990 2240 excommuni-

239 2259 376 2293 cationis
394 2264 425 2294 et
448 2260 527 2294 alias
546 2261 718 2294 sententias
732 2267 761 2294 et
777 2271 929 2294 censuras
940 2271 991 2294 ec-

239 2313 433 2348 clesiasticas
450 2320 640 2359 caeteraque
652 2320 836 2359 opportuna
856 2314 936 2347 iuris
960 2319 992 2347 et

239 2368 313 2401 facti
323 2368 477 2411 remedia,
489 2368 578 2402 omni
587 2374 617 2401 et
626 2379 831 2412 quacumque
848 2368 989 2412 appella-

240 2422 326 2456 tione
342 2423 516 2467 postposita
525 2433 563 2455 ac
572 2433 705 2466 prorsus
719 2427 842 2455 remota
853 2449 861 2462 ,
879 2427 990 2456 aucto-

240 2472 332 2506 ritate
353 2477 464 2506 nostra
482 2471 697 2515 comprimant
721 2477 751 2504 et
770 2477 988 2515 compescant,

240 2531 359 2566 eosque
379 2522 419 2555 ad
439 2521 618 2566 parendum
643 2527 674 2554 et
699 2532 772 2555 cum
799 2522 915 2554 effectu
931 2527 992 2555 sta-

240 2571 298 2604 tim
318 2571 533 2604 obediendum
554 2570 778 2615 praesentibus
797 2570 911 2604 litteris
935 2581 990 2604 co-

241 2625 316 2663 gant
336 2626 367 2653 et
376 2621 584 2664 compellant,
603 2620 748 2654 invocato
762 2620 855 2653 etiam
868 2620 907 2653 ad
917 2621 990 2661 hoc,

241 2670 267 2703 si
287 2680 369 2713 opus
384 2670 492 2710 fuerit,
513 2670 630 2704 auxilio
650 2670 775 2704 brachii
802 2670 989 2711 saecularis,

1674 258 1738 293 075

1033 327 1131 361 super
1150 317 1267 361 quibus
1286 318 1379 352 dietis
1398 318 1570 353 ordinariis
1596 320 1725 364 plenam
1751 327 1779 355 et

1033 370 1167 404 liberam
1186 372 1302 405 harum
1323 373 1405 406 serie
1425 373 1610 407 facultatem
1631 375 1781 408 concedi-

1034 435 1105 458 mus
1125 431 1155 458 et
1174 431 1375 470 potestatem.

1078 480 1092 522 ἓ
1126 479 1157 512 5.
1198 479 1267 513 Non
1297 480 1498 514 obstantibus
1531 482 1716 525 praemissis
1747 493 1784 515 ac

1034 533 1317 567 constitutionibus
1337 540 1366 568 et
1386 535 1643 569 ordinationibus
1659 542 1785 580 aposto-

1034 586 1115 626 licis,
1155 597 1280 620 necnon
1320 589 1590 622 monasteriorum
1626 594 1655 622 et
1692 590 1784 624 Ordi-

1034 651 1111 672 num
1132 640 1339 682 huiusmodi,
1362 643 1456 676 etiam
1479 643 1680 684 iuramento,
1707 656 1784 678 con-

1035 693 1215 727 firmatione
1235 696 1412 739 apostoliea
1432 698 1482 730 vel
1500 697 1611 741 quavis
1635 698 1786 731 firmitate.

1033 747 1095 779 alia
1135 748 1309 789 roboratis,
1347 750 1471 783 statutis
1506 757 1535 784 et
1577 752 1785 785 consuetudi-

1034 801 1129 834 nibus
1153 813 1159 839 ;
1195 802 1370 845 privilegiis
1403 815 1533 848 quoque
1550 831 1557 845 ,
1598 805 1731 838 indultis
1756 811 1784 840 et

1034 853 1147 887 litteris
1164 857 1362 899 apostolicis,
1385 858 1479 890 etiam
1505 859 1590 891 Muri
1612 859 1731 903 Meque
1756 865 1785 893 et

1032 908 1129 941 Bulla
1158 909 1267 943 Aurea
1300 922 1356 944 seu
1390 912 1570 945 Concordia
1613 920 1665 947 aut
1709 914 1786 947 alias

1034 963 1241 1007 nuncupatis,
1265 969 1294 997 et
1315 975 1388 997 cum
1418 965 1584 1009 quibusvis
1611 967 1784 1007 clausulis,

1034 1014 1128 1048 etiam
1149 1017 1427 1060 derogatoriarum
1461 1020 1684 1061 derogatoriis,
1713 1021 1786 1053 irri-

1034 1069 1240 1114 tantibusque
1261 1077 1286 1103 et
1302 1071 1371 1104 aliis
1382 1072 1530 1109 decretis,
1545 1075 1787 1115 quomodolibet

1034 1124 1206 1164 conca-fisis,
1225 1124 1462 1158 confirmatiset
1479 1127 1785 1170 ÷2·2piiisinriox·atis‚

1033 1177 1152 1220 quibus
1172 1178 1335 1217 omnibus,
1358 1179 1452 1212 etiam
1475 1181 1498 1212 si
1521 1181 1559 1213 de
1580 1181 1643 1214 illis
1655 1193 1786 1215 eorum-

1033 1242 1096 1274 que
1116 1233 1190 1265 totis
1210 1233 1377 1266 tenoribus
1397 1234 1557 1278 specialis,
1585 1236 1734 1279 specifica
1755 1242 1785 1272 et

1033 1286 1197 1319 individua
1206 1287 1338 1328 mentio,
1348 1299 1404 1321 seu
1416 1289 1546 1332 quaevis
1555 1290 1615 1322 alia
1624 1291 1786 1334 expressio

1034 1340 1181 1373 habenda
1201 1340 1304 1383 foret,
1337 1353 1450 1375 eorum
1472 1348 1612 1383 tenores,
1640 1355 1677 1377 ac
1698 1344 1723 1377 si
1748 1345 1787 1377 de

1033 1393 1129 1426 verbo
1149 1394 1188 1427 ad
1208 1395 1355 1436 verbum,
1370 1395 1448 1429 nihil
1465 1397 1592 1440 penitus
1609 1397 1740 1438 omisso,
1758 1404 1785 1431 et

1034 1447 1134 1480 formu
1152 1448 1257 1481 inillis
1279 1449 1392 1482 tradita
1417 1450 1787 1490 observata,insereren—

1034 1507 1098 1541 tur,
1118 1503 1411 1546 iun-‘sentibuspio
1426 1505 1787 1548 anticiput»rvxpressis

1033 1556 1186 1589 habetur>
1204 1583 1211 1597 ,
1237 1557 1298 1591 illis
1323 1559 1400 1591 alias
1422 1570 1451 1591 :u
1475 1571 1533 1592 suu
1562 1565 1676 1593 μὼυῑς
1713 1572 1786 1604 per-

1033 1612 1204 1651 mansuris,
1227 1613 1286 1646 hac
1302 1614 1369 1646 vice
1384 1614 1560 1655 dumtaxat,
1579 1615 1617 1647 ad
1635 1616 1786 1649 effectum

1033 1666 1264 1708 praesentium,
1287 1667 1470 1711 specialiter
1484 1675 1514 1702 et
1534 1669 1786 1711 expressederſtr

1031 1731 1155 1763 gamus,
1168 1722 1369 1765 caeterisque
1391 1724 1561 1756 contrariis
1579 1724 1786 1767 quibuscum-

1032 1786 1106 1818 que,
1129 1781 1184 1808 aut
1202 1776 1228 1809 si
1251 1777 1402 1810 fratribus
1417 1778 1464 1811 vel
1481 1778 1676 1812 monialibus
1693 1790 1785 1822 prae-

1031 1828 1124 1861 dictis
1144 1831 1192 1862 rel
1209 1830 1375 1874 quibusvis
1395 1831 1477 1872 aliis,
1500 1832 1718 1866 communiter
1737 1833 1785 1865 rel

1032 1881 1169 1923 divisim,
1197 1883 1236 1916 ab
1256 1884 1439 1927 Apostolica
1461 1885 1499 1917 sit
1519 1886 1599 1919 Sede
1624 1885 1784 1919 indultum

1031 1936 1117 1978 quod
1131 1937 1288 1978 interdici,
1298 1939 1783 1982 suspendivelexcommunicari

1032 2000 1095 2022 non
1118 1991 1239 2035 possint
1268 2003 1326 2035 per
1345 1993 1468 2025 litteras
1497 1993 1690 2037 apostolicas
1720 2005 1782 2026 non

1031 2043 1183 2078 facientes
1195 2046 1321 2089 plenam
1340 2053 1366 2080 el
1380 2058 1559 2090 -prressani
1583 2059 1618 2081 ac
1636 2048 1673 2080 de
1689 2048 1783 2081 verbo

1031 2097 1070 2130 ad
1090 2098 1221 2132 verbum
1258 2101 1296 2133 de
1331 2100 1456 2134 indulto
1478 2101 1663 2134 huiusmodi
1698 2111 1784 2134 inen-

1030 2151 1163 2185 tionem.

1075 2205 1130 2249 ξ6.
1145 2207 1301 2241 Volumus
1311 2208 1445 2252 insuper
1459 2208 1547 2252 quod
1562 2209 1780 2252 praesentium

1032 2261 1253 2305 transumptis,
1267 2273 1365 2295 manu
1379 2262 1517 2295 alicuius
1527 2262 1644 2295 notarii
1659 2263 1782 2306 publici

1031 2315 1221 2359 subscriptis
1240 2322 1271 2350 et
1290 2317 1394 2360 sigillo
1414 2317 1553 2350 alicuius
1572 2328 1730 2361 personae
1750 2318 1782 2350 in

1031 2369 1184 2412 dignitate
1199 2370 1412 2404 ecclesiastica
1433 2370 1623 2404 constitutae
1639 2371 1782 2412 munitis,

1031 2424 1143 2457 eadem
1169 2435 1303 2468 prorsus
1336 2424 1414 2457 fides
1448 2423 1639 2457 adhibeatur
1656 2451 1663 2465 ,
1699 2436 1782 2469 quae

1031 2472 1242 2516 originalibus
1254 2473 1369 2507 litteris
1382 2473 1608 2515 adhiberetur,
1631 2473 1656 2507 si
1677 2474 1783 2507 forent

1031 2522 1189 2556 exhibitae
1206 2524 1252 2556 vel
1269 2528 1426 2556 ostensae.

1075 2572 1090 2615 ξ
1114 2571 1144 2605 7.
1178 2572 1334 2615 Quodque
1355 2572 1477 2606 eaedem
1502 2578 1699 2616 praesentes,
1723 2583 1781 2617 per

1031 2619 1172 2664 aliquem
1192 2621 1353 2654 notarium
1375 2620 1555 2664 publicum,
1568 2622 1615 2655 vel
1627 2632 1729 2654 unum
1745 2632 1781 2655 ex

1032 2670 1230 2704 cursoribus>
1249 2671 1378 2712 nostris,
1400 2671 1432 2704 in
1457 2671 1600 2712 generali
1619 2671 1781 2705 dictorum

1797 268 1846 295 An.
1865 269 1894 295 C.
1914 269 1982 297 1568

1871 495 1982 516 Deruentio

1801 530 1962 548 cuntrarmnuir

1832 2221 1977 2248 Trausumpto-

1799 2259 1844 2274 rum
1861 2253 1921 2274 tides.

1837 2584 1983 2607 praesentium

1800 2617 1916 2644 publicatio
