2237 3100
261 244 308 270 An.
331 244 358 270 C.
377 242 439 270 ¹571

257 1690 366 1714 Deruentio
384 1695 439 1710 ron-

257 1723 375 1743 uariorum.

501 232 566 265 942

501 295 516 338 5
535 292 567 327 3.
593 293 761 326 Praeterea
777 294 878 324 almae
896 290 988 323 Urbis
1006 295 1133 322 nostrae
1155 299 1205 330 ge-

273 357 389 378 ttandatum
410 346 559 381 iu-nerali
585 345 792 389 gubernatori
830 343 1009 386 ceterisque
1045 341 1205 375 iudicibus

260 388 443 409 diribustribuna-

259 420 307 440 llum
332 418 392 440 t'rtiis
417 420 441 439 de

259 451 441 503 {gssgu‘fflffifff
458 454 503 486 vel
516 458 602 485 extra
613 462 683 484 eam
696 450 921 488 residentibus,
933 449 1205 494 quibuscumque,

259 514 323 534 tione.

457 399 627 433 ordinariis
641 399 687 432 vel
708 396 876 439 delegatis,
900 396 931 428 in
948 396 1090 428 Romana
1111 394 1205 427 Curia

456 506 488 538 in
508 505 623 537 virtute
648 509 776 536 sanctae
798 502 997 535 obedientiae
1023 509 1051 535 et
1073 502 1131 534 sub
1156 502 1205 534 in-

455 557 650 600 dignationis
676 562 802 589 nostrae
827 566 949 599 poena,
975 556 1206 588 committimus

455 616 485 643 et
511 610 712 646 mandamus,
738 609 879 642 districte
899 609 1128 652 praecipiendo
1150 620 1207 652 per

455 668 654 707 praesentes,
674 668 833 705 quatenus
857 662 1042 695 huiusmodi
1063 668 1205 695 nostram

455 716 705 749 declarationem
728 726 782 748 seu
804 726 918 748 novam
941 715 1205 749 constitutionem

455 775 485 802 et
505 768 750 808 ordinationem,
772 779 898 801 necnon
919 768 1003 811 ipsas
1022 774 1207 812 praesentes

455 823 528 855 etin
545 822 590 855 eis
604 826 754 855 contenta
770 821 878 854 omnia
888 827 917 854 et
934 822 1069 864 singula,
1086 822 1119 854 in
1134 832 1207 854 cau—

456 876 497 909 sis
518 875 742 908 criminalibus
759 886 814 908 seu
834 875 940 908 mixtis
956 887 992 908 ae.
1006 875 1076 908 aliis
1092 876 1205 908 fiscum

456 935 483 961 et
513 929 680 962 Cameram
710 929 928 972 Apostolicam
949 929 1101 973 illiusque
1130 929 1208 961 inte-

455 993 539 1015 resse
571 982 815 1026 quomodolibet
848 983 1095 1017 concernentia,
1121 993 1206 1015 nunc

455 1042 486 1068 et
506 1046 564 1079 pro
592 1041 738 1079 tempore
758 1036 975 1079 pendentibus
994 1037 1207 1081 quibuscum-

455 1100 529 1132 que,
553 1089 649 1122 etiam
669 1089 694 1122 si
715 1090 821 1122 forsan
842 1090 941 1133 aliqui
963 1090 1047 1134 eapti
1068 1101 1155 1124 nuuc
1176 1091 1207 1123 in

455 1143 640 1176 carceribus
659 1142 877 1183 detineantur,
895 1149 1052 1187 perpetuo
1073 1144 1206 1176 inviola-

455 1195 564 1228 biliter
587 1195 748 1228 observari
767 1196 918 1229 mandent
940 1202 970 1230 et
986 1196 1104 1229 saciant
1121 1203 1148 1229 et
1162 1196 1206 1229 illi

456 1249 642 1289 observent,
656 1255 686 1281 et
697 1249 739 1282 ita
753 1255 783 1282 et
800 1260 864 1282 non
878 1249 982 1290 aliter,
1006 1250 1038 1282 in
1057 1250 1208 1293 praemis-

456 1301 497 1335 sis
516 1302 668 1335 omnibus
688 1308 718 1335 ct
735 1303 879 1346 singulis,
902 1314 960 1346 per
984 1314 1207 1347 quoscumque

455 1355 577 1388 iudices
588 1362 617 1389 et
633 1356 947 1396 commissariossstc.
957 1383 964 1397 ,
977 1357 1070 1390 etiam
1081 1357 1112 1390 S.
1124 1357 1159 1389 R.
1169 1357 1204 1390 E.

455 1409 634 1442 cardinales
666 1420 703 1442 ae
735 1410 846 1442 Palatii
883 1410 1058 1453 Apostolici
1094 1420 1207 1443 causa-

455 1473 528 1496 rum
553 1463 729 1503 auditores,
757 1464 880 1496 sublata
895 1468 966 1503 etc„
989 1463 1142 1503 iudicari,
1163 1463 1209 1495 in-

456 1517 625 1561 terpretari
639 1521 669 1550 et
689 1516 819 1549 diffiniri
837 1516 966 1557 debere3
987 1517 1112 1550 irritum
1130 1528 1209 1560 quo-

455 1581 518 1614 que
538 1576 596 1604 etc.
619 1571 836 1604 decernimus.
878 1607 882 1612 ⁴

501 1626 515 1668 g
535 1625 565 1657 4.
589 1625 658 1658 Non
672 1625 872 1658 obstantibus
892 1626 1076 1669 praemissis
1092 1637 1128 1659 ac
1137 1626 1209 1669 qui-

454 1678 561 1711 busvis
587 1678 872 1712 constitutionibus
893 1684 921 1712 et
950 1679 1209 1713 ordinationibus

454 1732 650 1776 apostolicis,
667 1733 856 1776 statutisque
871 1743 907 1765 ac
920 1733 1209 1766 consuetudinibus

454 1785 715 1830 provinciarum,
747 1786 928 1825 civitatum,
957 1787 1152 1830 oppidorum
1180 1793 1210 1820 et

454 1840 1208 1883 locorumquorumcumque,etiamiuramento,

455 1894 703 1927 confirmatione
730 1894 905 1937 apostoliea
935 1895 982 1927 rel
1009 1895 1121 1938 quavis
1149 1895 1210 1928 alia

455 1947 607 1980 firmitate
623 1947 792 1988 roboratis
813 1947 985 1990 privilegiis
1004 1958 1146 1991 quoque,
1163 1948 1210 1980 in-

458 2000 556 2033 dultis
565 2005 594 2033 et
605 2000 720 2033 litteris
730 2001 927 2044 apostolicis,
938 2001 1209 2041 universitatibus,

457 2053 744 2086 communitatibus
772 2059 802 2086 et
821 2054 1008 2087 hominibus
1028 2055 1209 2097 provincia-

458 2118 541 2147 rum,
563 2107 726 2140 civitatum
741 2113 769 2140 et
787 2108 934 2141 locorum
951 2109 1208 2152 praedictormn,

458 2172 495 2194 ac
522 2161 618 2194 etiam
646 2161 779 2203 singulis
808 2163 1060 2204 praenominatis
1082 2170 1112 2196 et
1141 2164 1211 2213 ali-is

459 2214 720 2258 quibuscumque
750 2214 912 2248 iudicibus
932 2220 989 2247 ets.
1019 2228 1076 2259 per
1098 2227 1156 2250 nos
1182 2223 1212 2250 et

458 2268 723 2311 praedecessores
734 2273 860 2301 nostros
874 2269 1047 2303 concessis.
1066 2275 1096 2301 et
1116 2270 1211 2303 etiam

459 2321 580 2354 iteratis
600 2321 724 2354 vicibus
743 2322 912 2361 innovatis3
928 2321 1046 2365 quibus
1061 2323 1212 2357 omnibus

461 2378 532 2414 etc„
553 2374 684 2407 illorum
705 2379 832 2407 tenores
852 2379 924 2416 ecc„
947 2375 1007 2408 hac
1033 2377 1099 2409 vice
1127 2377 1212 2409 latis-

461 2421 539 2454 sime
567 2422 776 2464 derogamus,
810 2433 846 2456 ac
875 2423 955 2467 stylo
984 2424 1095 2457 Palatii
1127 2431 1211 2458 cete-

461 2470 568 2513 risque
590 2471 623 2504 in
641 2472 842 2504 contrarium
865 2472 1057 2506 facientibus
1078 2484 1143 2506 non
1155 2475 1211 2507 ob-

461 2519 619 2552 stantibus
638 2520 913 2564 quibuscumque.
943 2524 945 2527 ’

505 2567 520 2610 ἓ
544 2567 574 2599 5.
608 2568 762 2602 Volumus
789 2575 897 2603 autem
922 2571 1008 2614 quod
1025 2571 1213 2613 ‚praesentis

1054 236 1231 260 BttLLAtut'M
1255 236 1404 259 ROMANUM

2014 236 2061 261 Αη.
2081 235 2109 261 C.
2129 234 2192 262 1⁸7¹

1247 288 1429 331 gistratura,
1452 289 1518 319 sola
1540 288 1703 330 signatura
1723 288 1857 321 sufficiat
1880 293 1910 321 et
1932 287 1999 320 ubi-
2056 300 2198 322 Obseruantia

1247 353 1309 385 que
1344 342 1439 373 tidem
1474 341 1587 377 saciat,
1614 340 1645 373 in
1682 341 1800 374 iudicio
1830 347 1861 374 et
1888 332 2197 389 exti‘a,}',{¹si¹¹⁸,‡²,‘.gffifi¹¹¹2}

1248 396 1358 437 regula
1386 388 1547 427 contraria
1576 405 1641 427 non
1667 394 1831 427 obstante:
1865 395 1999 438 eiusque
2014 395 2192 446 ffiffmptorum

1249 449 1476 491 transumptis,
1501 449 1597 481 etiam
1619 448 1800 490 impressis,
1823 458 1921 480 manu
1941 448 1999 480 ali-

1248 502 1341 535 ‹zuius
1361 501 1477 534 notarii
1492 502 1612 544 publici
1630 501 1832 544 subscriptis,
1852 506 1882 533 et
1897 501 2001 543 sigillo

1248 555 1385 588 alicuius
1398 565 1554 598 personae
1572 555 1768 597 indignitate
1785 554 2002 588 ecclesiastica

1249 610 1439 642 constitutae
1461 608 1612 648 munitis,
1637 608 1748 641 eadem
1770 619 1903 651 prorsus
1924 608 2003 641 fides

1249 662 1454 703 adhibeatur,
1473 672 1555 704 quae
1572 661 1649 704 ipsis
1665 660 1876 703 originalibus
1888 660 2003 694 litteris

1249 715 1470 750 adhiberetur,
1491 715 1516 747 si
1538 715 1640 747 forent
1658 713 1815 747 exhibitae.
1831 714 1879 746 vel
1899 719 2003 747 osten—

1249 780 1313 806 sae,
1345 780 1400 801 seu
1429 768 1551 802 litterae
1572 769 1712 811 desuper
1739 778 1796 810 per
1823 768 1918 801 breve
1947 779 2003 801 no-

1249 829 1349 855 strum
1376 822 1520 866 expediri
1547 822 1688 865 possint;
1712 826 1752 861 et,
1776 821 1801 853 si
1823 821 2000 868 ridebitur,

1249 887 1322 909 cum
1350 875 1495 908 omnium
1526 881 1552 907 et
1586 875 1787 917 singulorum
1813 885 2002 918 praenarra-

1249 935 1356 962 torum
1377 935 1405 962 et
1427 939 1653 973 expressorum
1669 928 1873 971 aliorumque
1890 938 2001 961 neces-

1249 984 1408 1017 sariorum
1430 982 1669 1026 specificatione
1696 987 1726 1014 et
1753 982 1927 1015 insertione
1942 978 1956 1022 ‚'
1972 987 2003 1015 et

1249 1049 1323 1072 cum
1351 1037 1420 1070 aliis
1449 1036 1603 1069 clausulis
1633 1036 1826 1079 opportunis
1862 1043 1892 1069 et
1923 1047 2001 1070 con-

1250 1091 1358 1125 suetis.
1914 1082 1936 1093 ⁸
1977 1086 1981 1089 “

1398 1144 1515 1176 Placet.
1539 1142 1623 1175 Motu
1639 1142 1785 1186 proprio,
1806 1143 1845 1175 M.

1294 1198 1405 1230 Datum
1428 1197 1547 1229 Romae
1569 1195 1654 1239 apud
1676 1196 1706 1228 S.
1730 1196 1873 1236 Petrum,
1897 1195 2004 1229 idibus

1250 1250 1456 1295 septembris,
1479 1259 1563 1281 anno
1585 1259 1625 1281 vt.

1293 1305 1384 1337 Anno
1405 1314 1422 1335 a
1442 1303 1578 1335 navitate
1594 1303 1629 1335 D.
1648 1302 1683 1334 N.
1708 1303 1778 1335 Iesu
1794 1302 1910 1337 Christi
1929 1303 2003 1336 mil-

1250 1356 1361 1390 lesimo
1369 1356 1628 1399 quingentesimo
1636 1355 1874 1398 septuagesimo
1885 1355 2003 1399 primo,

1250 1410 1423 1442 indictione
1437 1409 1561 1442 decima
1576 1400 1702 1452 quarta,
1718 1409 1769 1441 die
1786 1419 1860 1442 vero
1880 1408 2005 1454 decima

1250 1464 1385 1507 septima
1413 1463 1531 1495 mensis
1560 1461 1766 1506 septembris,
1799 1462 2005 1505 pontificatus

1250 1522 1357 1550 autem
1379 1516 1570 1549 sanctissimi
1591 1516 1623 1549 in
1644 1515 1769 1549 Christo
1792 1515 1892 1559 patris
1911 1521 1941 1549 et
1965 1516 2001 1549 D.

1250 1570 1284 1602 N.
1305 1570 1338 1602 D.
1360 1569 1405 1601 Pii
1417 1569 1521 1602 divina
1534 1569 1736 1613 providentia
1756 1569 1860 1613 Papae
1878 1569 1901 1601 V
1920 1561 2004 1605 anno

1251 1628 1350 1664 sexto,
1382 1623 1611 1666 retroscriptus
1631 1628 1738 1656 motus
1758 1622 1910 1667 proprius
1935 1622 2003 1655 affi-

1251 1688 1308 1709 xus
1322 1682 1349 1709 et
1367 1677 1551 1720 publicatus
1570 1676 1630 1709 suit
1647 1677 1679 1709 in
1692 1676 1760 1709 acie
1776 1676 1886 1718 Campi
1902 1676 2004 1710 Florae

1251 1735 1281 1763 et
1301 1730 1339 1762 ad
1358 1731 1462 1763 valvas
1482 1729 1699 1763 Cancellariae
1716 1730 1932 1774 Apostolicae,
1955 1730 2003 1763 di-

1254 1783 1357 1816 missis
1378 1783 1478 1827 copiis
1495 1783 1595 1815 affixis
1616 1794 1674 1826 per
1694 1794 1744 1816 me
1764 1783 1919 1816 loannem
1938 1784 2004 1816 An-

1251 1836 1360 1869 dream
1381 1837 1560 1877 Panizzam,
1583 1837 1715 1879 praefati
1736 1836 1927 1870 sanctissimi
1947 1837 2005 1870 do-

1253 1890 1330 1922 mini
1350 1891 1454 1934 Papae
1481 1901 1658 1924 cursorem.

1339 1944 1383 1976 lo.
1420 1943 1587 1984 Guerardi,
1604 1944 1755 1986 magister
1768 1954 1952 1989 cursorum.

1305 2001 1366 2031 Dat.
1385 2002 1431 2032 die
1449 2002 1484 2032 13
1500 2007 1574 2042 sept.
1600 2003 1687 2039 1571,
1704 2003 1808 2042 pontis.
1825 2011 1902 2034 anno
1918 2012 1974 2034 vn

1578 2183 1674 2216 CCVI.

1255 2259 1378 2292 Contra
1390 2260 1541 2292 habentes
1558 2260 1745 2303 beneficiavit
1760 2261 2007 2296 ecclesiasticum

1343 2324 1406 2345 non
1426 2314 1599 2346 recitantes
1616 2308 1720 2346 horas
1732 2314 1914 2346 canonicas.

1345 2392 1406 2422 Pius
1421 2393 1562 2429 episcopus
1583 2400 1680 2422 servus
1696 2400 1836 2422 servorum
1853 2393 1910 2427 Det,

1397 2443 1430 2470 ad
1446 2444 1607 2478 perpetuam
1626 2442 1667 2471 rei
1691 2443 1860 2472 memoriam.

1298 2513 1340 2545 Ex
1364 2513 1511 2557 proximo
1529 2514 1731 2547 Lateranensi
1748 2513 1885 2547 coneilio
1903 2514 1956 2557 pia
1974 2519 2005 2547 et
2021 2520 2062 2543 Leo
2074 2522 2203 2547 Macram,

1255 2565 1391 2599 salubris
1411 2566 1532 2599 sanctio
1553 2567 1729 2605 emanavit,
1750 2572 1783 2599 ut
1804 2566 2003 2611 quicumque
2019 2555 2206 2605 iii-'iasreccliiaiixif

460 2620 567 2649 motus
586 2617 732 2661 proprii,
755 2617 850 2652 etiam
871 2618 992 2663 absque
1017 2619 1089 2652 data
1110 2624 1140 2652 et
1159 2630 1211 2653 re·
1247 2618 1377 2653 liabens
1403 2619 1598 2654 beneficium
1628 2618 1902 2661 ecclesiasticum,
1930 2630 2004 2655 curn
2020 2620 2072 2640 ω’
2105 2615 2201 2636 mmm
