2237 3100
54 289 103 317 An.
120 288 149 317 C.
168 288 233 318 ¹561

79 398 156 420 Caum
176 405 225 426 prae

55 429 152 456 'mmm'
182 436 441 495 mer-quorumvis
473 452 614 486 eiusdem
650 453 811 486 Romanae
847 452 1005 485 Ecclesiae

54 492 112 518 ¹¹⁰m'
151 498 237 539 ¹'⁶¹¹⁸'⁰ss
254 505 477 546 cardinalium,
493 517 671 550 eorumque
692 518 728 539 ac
748 511 933 539 nostrorum
959 506 1003 538 sa—

54 464 155 487 catorum,
172 462 228 482 curin

53 530 151 551 numque,
159 527 196 545 etc.
203 530 227 545 co

54 556 177 581 gnoseendi,

50 1417 148 1445 Altnsque
159 1418 193 1438 hic
205 1419 224 1438 in

50 1481 185 1508 pollutiones;

930 289 997 314 PIUS
1021 289 1051 313 IV
1070 289 1117 312 PP.

1690 279 1747 313 131

299 342 314 386 ἓ
339 341 368 375 7.
396 342 526 377 Necnon
548 347 660 377 omnes
679 347 710 376 et
734 342 875 386 singulas
909 343 1004 387 spiri-
1046 348 1101 375 aut,
1121 340 1275 374 nullitatis
1285 341 1333 375 vel
1347 352 1507 382 recursus,
1530 342 1685 376 hactenus
1706 343 1795 376 devo-

233 398 357 430 ·tuales
390 402 420 430 et
456 398 688 431 ecclesiasticas
724 409 759 431 ae
788 398 938 441 profanas
976 404 1006 430 ct

252 559 446 601 miliarium,
477 561 707 594 continuorum
737 560 1003 593 commensalium

253 618 283 647 et
307 615 525 658 praelatorum
547 625 846 658 quorumcumque,
874 614 905 646 in
938 614 1005 658 ipsa

251 667 346 702 Curia
372 668 573 711 degentium,
600 680 636 702 ac
666 669 758 702 etiam
786 668 1002 712 imperatoris,

252 733 365 765 regum
386 727 416 755 et
437 723 573 755 aliorum
602 723 786 766 principum
803 733 839 755 ac
860 732 1005 755 commu-

252 775 387 809 nitatum
413 781 443 808 et
463 776 724 817 universitatum,
752 781 916 809 oratorum
946 786 1005 808 nec

251 840 316 862 non
337 829 439 862 dictae
464 829 578 863 Curiae
600 830 786 862 officialium
809 835 838 863 et
859 830 1005 862 eamdem

251 882 379 916 Curiam
391 883 594 927 sequentium
605 895 641 916 ac
659 884 866 916 familiarium
877 894 1006 917 eorum-

251 935 364 969 demet
384 936 484 981 ipsius
504 937 617 970 Curiae
634 948 804 970 causarum
820 937 1005 970 huiusmodi

250 989 614 1023 auditorisnotariorum
624 996 774 1024 eteorum
783 990 1003 1033 familiarium,

252 1053 457 1087 campsorum
478 1055 608 1087 quoque
624 1050 653 1077 et
674 1044 861 1087 quorumvis
881 1056 1005 1078 merca-

250 1100 358 1129 torum
395 1107 432 1129 ac
466 1097 659 1141 pensionum
692 1108 874 1130 annuarum
909 1109 1007 1142 super

250 1149 421 1190 fructibus,
439 1150 616 1183 redditibus
636 1156 665 1183 et
677 1151 884 1194 proventibus
900 1152 1005 1185 eccle-

251 1202 384 1237 siasticis
400 1204 646 1247 assignatarum,
666 1205 760 1238 etiam
786 1205 810 1238 si
828 1216 939 1238 earum
958 1216 1007 1238 so-

250 1256 329 1290 lutio
346 1257 453 1290 nonin
469 1258 535 1301 ipsa
557 1257 663 1298 Curia,
687 1259 740 1291 sed
758 1259 789 1291 in
807 1259 951 1302 partibus
968 1259 1007 1291 sit

250 1310 406 1343 facienda.

294 1364 308 1406 ἓ
329 1363 359 1397 8.
388 1364 424 1397 Et
452 1375 674 1408 quascumque
695 1365 784 1405 alias,
808 1366 902 1399 etiam
920 1377 1007 1399 corn-

50 1450 128 1470 amma<
153 1452 174 1471 et
195 1430 233 1476 ap·-
250 1416 422 1458 missarum,
446 1429 568 1459 causas,
586 1424 650 1451 tam
662 1419 768 1452 civiles
785 1430 883 1463 quarn
900 1420 1007 1452 crimi-

250 1471 338 1503 nales
354 1476 382 1504 et
409 1471 531 1511 mixtas,
544 1477 574 1505 et
593 1474 791 1505 coniunctim
814 1474 861 1506 vel
882 1473 1005 1506 divisim

249 1524 281 1556 in
303 1525 414 1557 cadem
434 1525 530 1558 Curia
545 1526 854 1570 quomodocumque
876 1532 906 1559 et
926 1538 1006 1570 qua-

250 1577 464 1622 litercumque
486 1585 588 1611 motas
608 1585 634 1612 et
659 1581 841 1617 movendas,
870 1586 894 1611 et
925 1580 1007 1613 inter

250 1641 474 1676 quascumque
486 1639 603 1676 partes,
623 1634 717 1665 etiam
733 1645 789 1677 per
804 1635 885 1667 viam
903 1635 1006 1677 inqui-

250 1685 373 1718 sitionis
392 1692 447 1719 aut,
463 1698 499 1719 ex
520 1687 639 1725 osticio,
663 1688 903 1730 quomodolibet
927 1699 1005 1731 pen-

250 1738 370 1771 dentes.
395 1740 437 1772 Ac
458 1751 540 1783 quae
560 1742 877 1784 pru-appellationem
900 1753 915 1774 a
936 1753 1006 1782 gra-

250 1792 430 1825 vaminibus
455 1794 550 1826 illatis
571 1800 601 1826 et
622 1795 761 1827 conferri
787 1789 1002 1833 comminatis,

251 1856 305 1877 seu
320 1846 486 1879 sententiis
503 1848 729 1881 definitivisvel
740 1849 1002 1889 interlocutoriis,

249 1910 267 1931 a
287 1899 451 1943 quibusvis
476 1901 638 1934 iudicibus
667 1903 839 1935 ordinariis
864 1909 891 1935 et
918 1904 1004 1936 arbi-

249 1952 305 1985 tris
325 1958 420 1996 atque
438 1955 686 1988 arbitratorilms
707 1956 738 1988 in
764 1956 858 1988 Curia
880 1962 908 1988 et
922 1957 1004 1991 Urbe

251 2006 420 2048 praedictis
439 2008 571 2050 (vicario
602 2014 711 2041 nostro
731 2020 767 2041 ac
788 2010 1004 2051 gubernatore

249 2063 280 2091 et
299 2065 447 2093 senatore
467 2061 560 2094 Urbis
585 2062 767 2106 praedictae
793 2068 823 2095 et
845 2063 1005 2097 iudicibus

248 2111 606 2156 Capitolinisdumtaxat
621 2116 786 2159 exceptis),
810 2121 837 2147 et
856 2123 941 2149 extra
952 2128 1004 2151 eas

248 2176 266 2198 a
286 2166 548 2212 quibuscumque
575 2168 735 2201 iudicibus
760 2169 932 2203 ordinariis
957 2173 1003 2204 vel

248 2219 402 2263 delegatis
428 2232 482 2254 seu
513 2221 642 2254 arbitris
668 2223 715 2254 vel
742 2222 1000 2265 arbitratorilms,

248 2285 285 2306 ac
300 2274 396 2307 etiam
418 2275 520 2309 dictae
537 2275 628 2309 Sedis
648 2277 759 2318 legatis
779 2282 809 2309 et
826 2288 939 2310 eorum
957 2279 1002 2312 vi-

248 2328 399 2371 celegatis
416 2329 447 2361 in
462 2330 558 2362 terris
587 2329 690 2362 cidem
708 2330 868 2364 Ecclesiae
884 2331 1001 2366 Roma-

248 2392 307 2414 nae
325 2382 463 2415 mediate
488 2384 536 2415 vel
562 2383 745 2416 immediate
766 2384 929 2426 subiectis,
948 2392 1000 2419 aut

247 2435 318 2468 aliis
334 2447 445 2469 earum
458 2436 730 2479 gubernatoribus
738 2438 784 2470 vel
798 2439 999 2481 ollicialibus,

249 2490 279 2517 et
294 2485 500 2529 quibusvisiu
518 2487 649 2519 seudum
666 2487 714 2519 vel
734 2487 921 2521 vicariatum
947 2496 1001 2522 aut

247 2533 325 2567 alias
344 2535 586 2579 quomodolibet
599 2535 769 2575 concessis,
782 2548 840 2580 pro
857 2543 1000 2581 tempore

248 2582 319 2616 tatis
358 2589 388 2616 et
427 2585 638 2628 promulgatis
653 2611 660 2624 ,
702 2584 907 2628 interpositae
945 2600 1000 2621 seu

248 2633 325 2666 alias
349 2633 388 2666 ad
409 2634 553 2667 eamdem
576 2634 704 2673 Sedent,
730 2634 824 2667 etiam
848 2646 904 2679 per
919 2637 999 2669 viam

248 2682 486 2717 reclamationis
507 2682 664 2716 iudicialis
685 2683 731 2716 vel
753 2684 1001 2718 exn-aiudiciatis

1048 397 1132 430 lutae
1154 401 1224 429 sunt
1242 402 1272 429 et,
1293 396 1323 429 in
1341 402 1505 441 posterum
1527 397 1744 430 devtdveutur.

1097 452 1111 494 ,ξ
1128 451 1159 484 9.
1182 451 1241 484 Eas
1256 450 1413 492 videlicet,
1436 450 1467 482 in
1480 451 1671 494 quibusnon
1687 457 1800 494 agetur

1048 506 1089 538 ult
1097 517 1127 537 ra
1138 517 1297 538 summam
1306 506 1518 539 ducentorum
1528 506 1718 538 ducatorum
1729 517 1799 538 auri

1048 559 1240 600 deCamera,
1259 565 1313 593 aut
1325 560 1363 593 dc
1375 570 1409 593 re
1424 570 1535 592 verum
1554 570 1699 592 summac
1712 571 1800 603 prac-

1048 613 1150 647 dictae
1172 615 1313 647 valorem
1334 625 1397 647 non
1419 613 1611 653 excedente,
1637 625 1692 646 seu
1718 625 1799 657 quae

1048 666 1131 699 inter
1146 674 1176 700 et
1197 674 1309 701 contra
1334 674 1530 701 mercatores
1549 667 1651 701 dictae
1672 667 1798 709 Curiae,

1048 731 1106 763 pro
1119 721 1379 766 quibuscumque
1395 722 1541 764 negotiis,
1554 722 1592 754 ad
1609 732 1800 766 quamcum-

1048 785 1110 817 que
1132 786 1291 807 summam
1310 776 1470 816 ascendat,
1489 781 1519 809 et
1535 775 1618 809 inter
1637 786 1673 808 ac
1690 782 1801 810 contra

1048 827 1190 861 notarios
1206 840 1281 861 suos
1297 835 1327 861 et
1348 840 1461 862 eorum
1483 829 1631 870 familias,
1650 841 1707 873 pro
1720 835 1800 863 tem-

1050 891 1126 924 pore
1151 886 1326 921 vertentur,
1353 884 1538 923 summarie,
1564 882 1753 927 simpliciter
1772 889 1802 917 et

1048 934 1086 968 de
1109 935 1203 978 plano
1217 962 1224 975 ,
1253 935 1319 968 sinc
1340 936 1473 980 strepitu
1499 942 1529 969 et
1549 936 1652 979 figura
1673 936 1799 977 iudicii,

1049 989 1115 1021 sola
1135 989 1264 1021 veritate
1290 989 1451 1033 inspecta,
1481 990 1575 1022 etiam
1598 1001 1694 1023 manu
1716 991 1802 1033 regia

1049 1047 1079 1074 et
1102 1043 1222 1085 absque
1253 1043 1474 1076 observatione
1498 1043 1724 1084 terminorum,
1748 1044 1802 1088 qui

1049 1095 1086 1128 de
1103 1097 1182 1139 stylo
1201 1107 1254 1129 seu
1269 1096 1470 1129 ordinatione
1485 1097 1595 1129 Palatii
1613 1098 1800 1141 Apostolici,

1048 1155 1103 1182 aut
1122 1149 1200 1182 alias
1220 1150 1382 1182 observari
1403 1156 1649 1183 consueverunt.

1094 1203 1181 1245 glo.
1213 1203 1297 1236 Alias
1318 1214 1392 1237 vero
1420 1203 1535 1236 dictam
1562 1215 1721 1237 summam
1750 1211 1801 1238 aut

1050 1256 1136 1289 illius
1146 1257 1287 1289 valorem
1300 1258 1490 1290 excedentes
1501 1256 1624 1291 etinter
1639 1269 1675 1292 ac
1693 1264 1803 1292 contra

1049 1310 1129 1342 alios
1147 1321 1243 1353 quam
1271 1317 1467 1344 mercatores
1483 1316 1653 1351 vertentes,
1675 1313 1804 1345 servatis

1049 1363 1205 1404 terminis,
1216 1369 1244 1396 et
1254 1364 1331 1397 alias
1340 1365 1526 1405 summarie,
1538 1371 1632 1408 prout
1643 1366 1674 1397 in
1685 1366 1803 1399 benefi-

1049 1417 1805 1461 cialibus,eisdemqueterminisquomodocum-

1052 1483 1114 1514 que
1131 1472 1212 1504 male
1232 1477 1259 1503 et
1273 1472 1415 1512 nulliter,
1434 1477 1641 1515 praepostere
1651 1483 1687 1505 ac
1704 1473 1804 1506 incul-

1050 1526 1117 1553 cate
1135 1521 1241 1557 tentis,
1265 1531 1323 1563 pro
1337 1520 1453 1553 utinori
1471 1521 1609 1564 partium
1623 1521 1803 1564 dispendio,

1050 1570 1143 1602 etiam
1160 1570 1253 1602 unico
1267 1575 1431 1609 contextu,
1444 1569 1593 1603 citatione
1603 1571 1805 1605 etaudientia

1050 1619 1325 1659 reiteratis,etiam
1350 1619 1597 1662 peratlixionem
1615 1620 1804 1654 citationum

1050 1679 1107 1711 pro
1126 1675 1269 1711 tempore
1289 1668 1508 1701 faciendarum
1531 1669 1568 1701 ad
1594 1670 1697 1702 valvas
1714 1670 1803 1702 babi-

1050 1717 1176 1749 tatiottis
1201 1718 1345 1761 ipsorum
1368 1717 1582 1757 citatulorum,
1600 1719 1705 1762 quoad
1723 1719 1804 1752 obli-

1049 1772 1137 1806 gatos
1148 1766 1178 1798 in
1189 1767 1454 1805 foi‘tiiaCattiei'wg
1465 1772 1492 1799 et
1506 1767 1611 1811 quoad
1622 1768 1700 1800 alios
1713 1768 1805 1801 aliter

1049 1816 1217 1858 ‹jtbligatos,
1242 1816 1294 1848 ubi
1317 1826 1379 1847 non
1401 1817 1564 1858 agcturde
1583 1816 1802 1860 maioriquam

1048 1864 1157 1906 viginti
1179 1866 1370 1897 dtu·at‹1›1·tun
1393 1876 1529 1905 summa,
1547 1866 1671 1906 audire,
1686 1877 1804 1909 cogno-

1048 1923 1149 1953 scere,
1172 1913 1320 1946 decidere
1337 1919 1365 1946 et
1387 1914 1449 1946 tine
1470 1914 1576 1947 debito
1594 1915 1778 1948 terminare.

1092 1963 1106 2005 g
1133 1963 1185 1994 ll.
1209 1963 1339 1995 Necnon
1368 1963 1406 1996 de
1436 1963 1587 1996 omnibus
1612 1970 1639 1997 et
1670 1965 1803 2007 singulis

1048 2010 1251 2051 criminibus,
1275 2012 1457 2044 excessibus
1477 2017 1505 2044 et
1527 2012 1663 2052 delictis,
1686 2018 1749 2045 tam
1771 2013 1802 2045 in

1049 2059 1130 2092 Urbe
1156 2064 1184 2091 et
1210 2059 1306 2092 Curia
1333 2060 1493 2103 praefatis,
1521 2072 1616 2104 (ptam
1639 2068 1725 2094 extra
1750 2073 1802 2095 eas

1047 2119 1104 2151 per
1123 2120 1360 2152 quoscumqrug
1385 2114 1445 2142 tam
1466 2109 1609 2142 eiusdem
1630 2109 1719 2143 Sedis
1735 2112 1802 2143 ot‘fi—

1047 2157 1154 2197 cialcs,
1172 2169 1268 2201 quam
1291 2158 1406 2190 dietam
1433 2158 1559 2191 Curiam
1582 2165 1752 2202 sequentes
1772 2166 1800 2192 et

1046 2208 1142 2247 alios,
1170 2207 1265 2239 etiam
1282 2218 1299 2239 a
1315 2207 1537 2241 iurisdictione
1562 2208 1800 2242 ordinariorum

1046 2262 1210 2301 exemptos
1240 2262 1270 2289 et
1305 2257 1486 2300 praedictae
1517 2258 1589 2290 sedi
1619 2258 1801 2292 it‘nmediate

1046 2306 1220 2345 subiectos,
1244 2306 1478 2350 cuiuscumque
1495 2307 1728 2340 ecclesiasticae
1753 2309 1801 2341 vol

1047 2356 1228 2388 mundanae
1243 2355 1416 2398 dignitatis,
1440 2357 1533 2389 ctiam
1551 2357 1742 2401 episcopalis
1753 2359 1799 2391 vel

1046 2405 1187 2445 maioris,
1201 2411 1230 2437 et
1241 2417 1297 2449 pcr
1310 2417 1501 2449 quoscumq.
1515 2406 1604 2446 alios,
1616 2407 1800 2440 cuiuscum-

1045 2465 1106 2497 que
1128 2459 1238 2493 status,
1258 2456 1388 2497 gradus,
1404 2455 1583 2488 ‹itrtjliuisvel
1607 2456 1799 2489 conditionis

1046 2503 1175 2543 suerint,
1190 2505 1380 2547 perpetratis
1389 2505 1435 2536 vel
1448 2505 1686 2548 perpetrandis!
1703 2516 1799 2549 quam

1045 2552 1139 2584 ctiam
1152 2553 1291 2596 paruum
1313 2554 1564 2591 accusationem,
1578 2554 1624 2586 vel
1641 2555 1734 2587 ctiam
1754 2555 1800 2586 in-

1045 2601 1257 2643 stigationem,
1277 2614 1383 2635 senex
1405 2614 1492 2635 mero
1514 2604 1618 2636 <illicio
1635 2604 1797 2648 inquirere

1082 2656 1091 2680 1
1117 2656 1179 2680 'l'ttttt
1197 2658 1230 2681 (αἱ
1241 2659 1427 2688 procuratoris
1447 2659 1542 2690 fiscali-x·
1567 2660 1796 2683 ‹tentum-iationem

1044 2700 1066 2721 el
1083 2699 1287 2729 prnmottrmmn,
1308 2706 1386 2729 qnam
1404 2701 1462 2724 cte,
1482 2697 1594 2724 Cherub.
1618 2700 1655 2732 (n.
1678 2698 1724 2732 r).

1813 286 1864 316 An.
1881 289 1910 318 C.
1931 289 1994 319 1561

1828 461 1941 481 Summarie
1954 466 2000 486 pro·

1793 505 1798 510 .
1816 494 1889 513 cezlen.
1899 499 1916 511 ιιι
1930 498 1998 512 causis

1817 527 1955 543 tucrt'ntot'um
1964 529 2000 541 nu-

1816 556 1915 575 mmorum
1928 557 1949 574 et.
1962 553 2001 573 ⁶200

1817 587 1885 606 ducat.
1902 589 1923 606 ot.
1938 585 2000 610 infru

1847 1220 1904 1240 Alius
1936 1222 2005 1239 nutent

1820 1251 1910 1272 servatis
1931 1252 2006 1271 ternu-

1821 1284 1860 1306 nis;
1892 1293 1895 1297 »

1831 1977 1907 1997 musas
1931 1978 2004 1998 cuinti-

1817 2008 1877 2027 nales
1898 2007 1957 2028 Uiltis
1983 2013 2002 2029 rt

1817 2040 1907 2059 oninium
1930 2045 2002 2059 ext-m-

1818 2073 1899 2095 βίω-11111
1923 2077 2001 2095 rugno—

1817 2102 1898 2124 steudt,
