2237 3100
515 240 579 277 978
1097 248 1244 273 nummu
1267 248 1385 273 nomm

470 304 640 344 Beneficia,
662 304 701 336 de
721 303 838 347 quibus
858 303 896 335 lis
915 301 1044 346 pendet,
1071 312 1088 334 a
1106 312 1293 335 caussarum
1312 301 1552 335 beneficialium
1572 301 1733 335 iudicibus
1760 304 1808 336 vel
1835 314 1947 338 eorum
1968 305 2014 337 af-

557 357 675 390 finibus
695 356 861 400 impetrari
882 360 1060 399 nequeunt,
1083 355 1125 388 tm
1148 367 1178 388 a.
1209 355 1368 388 Beneficia
1396 362 1563 398 suspectae
1591 356 1771 389 collationis
1795 367 1812 389 a
1838 357 2012 399 iudicibus,

555 411 609 443 lite
631 410 804 453 pendente,
828 414 995 451 sequestro
1016 409 1083 441 dari
1107 409 1240 452 possint,
1265 408 1306 442 78
1325 420 1356 441 a.
1379 409 1514 441 Temere
1545 408 1739 451 litigantium
1766 420 1903 453 poenae,
1931 411 2010 443 ibid.

553 463 713 496 Beneficia
733 463 763 495 in
793 462 987 494 confidentia
1008 467 1149 505 recepta,
1184 473 1202 495 a
1222 462 1274 495 die
1308 461 1504 505 receptionis
1538 467 1662 502 vacant,
1685 461 1749 496 306
1770 463 1787 495 b
1808 469 1836 496 et
1858 474 1921 508 seq.
1955 464 2015 497 Re-

557 515 642 549 ditus
672 515 877 558 applicantur
909 514 1061 548 Gamerae
1094 515 1309 558 Apostolicae,
1343 514 1406 548 307
1428 515 1456 547 b.
1493 515 1702 549 Beneficiales
1730 517 1944 550 confidentiae
1978 519 2016 550 dc

555 573 662 601 cetero
683 567 752 600 fieri
773 567 833 600 sub
855 568 973 601 severis
993 568 1105 611 poenis
1133 573 1270 609 vetatur,
1297 568 1377 601 ibid.
1399 567 1591 601 Huiusmodi
1610 568 1844 602 beneficiorum
1861 570 2016 613 provisio-

554 632 610 655 nes
644 622 707 654 iam
741 622 843 654 sactae
877 627 1044 655 cassantur
1058 649 1065 661 ‚
1101 627 1132 655 et
1165 633 1278 655 eorum
1306 622 1435 655 collatio
1471 622 1544 655 Sedi
1581 623 1784 666 Apostolicae
1818 628 2012 664 reservatur,

553 674 617 708 308
637 686 667 707 a.
700 675 900 708 Provisiones
921 686 956 708 ex
977 676 1144 709 beneficiis
1168 687 1205 708 ac
1225 675 1434 719 dignitatibus
1463 681 1552 708 ortae
1573 687 1589 708 a
1611 677 1739 709 nemine
1761 677 1846 720 tangi
1867 680 2013 721 possunt,

551 728 607 772 qui
628 727 718 771 prius
735 728 808 761 tidei
830 728 1008 762 catholicae
1027 728 1262 773 professionem
1283 739 1348 761 non
1370 729 1529 772 omiserit',
1556 729 1618 762 3⁹27
1647 731 1676 762 b.
1700 730 1892 763 Huiusmodi
1914 731 2016 764 forma

553 782 772 825 professionis,
795 783 873 815 ibid.
898 788 928 815 et
951 794 1013 826 seq.
1037 783 1112 815 Pius
1131 783 1153 814 V
1174 782 1281 815 statuit
1303 787 1338 815 ut
1357 782 1515 814 beneficia
1536 788 1647 815 curata
1668 783 1699 815 in
1721 784 1805 816 Urbe
1825 789 1856 816 et
1876 784 1945 817 eius
1967 784 2015 816 di-

552 834 665 867 strictu
690 835 815 868 idoneis
840 835 986 879 personis
1014 835 1234 876 conserantur,
1264 836 1303 868 ab
1328 835 1397 868 eius
1416 835 1536 868 vicario
1557 836 1745 869 examinatis
1765 843 1796 870 et
1815 838 2013 881 approbatis,

551 891 616 925 423
636 893 669 932 b;
689 893 877 926 collationes
897 893 990 925 aliter
1011 894 1110 926 factas
1129 893 1273 936 abrogat,
1297 893 1376 925 ibid.
1409 893 1442 925 Iu
1467 893 1633 936 quibusvis
1661 894 1904 935 collationibus,
1940 906 2015 938 pro-

552 946 729 979 visionibus
764 952 795 979 et
824 947 1025 979 commendis
1059 946 1296 980 beneficiorum
1318 957 1375 990 per
1404 946 1518 979 Sedem
1552 946 1770 990 Apostolicam
1802 948 2014 989 collatorum,

552 999 683 1042 speciali
697 1000 745 1033 vel
766 1000 908 1042 generali
922 1000 1051 1033 concilii
1072 1000 1251 1033 Tridentini
1264 999 1472 1042 derogatione
1493 1000 1625 1033 minime
1651 1011 1733 1044 opus
1753 1006 1808 1040 est,
1825 1001 1888 1035 507
1901 1013 1932 1034 [ι.
1957 1002 2015 1035 Be-

555 1053 747 1086 neficiorum
770 1053 965 1088 confidentia
985 1054 1136 1087 damnata
1157 1065 1175 1086 a
1194 1053 1250 1086 Pio
1270 1053 1306 1086 lv
1329 1058 1360 1085 et
1379 1064 1395 1085 a
1417 1053 1472 1085 Pio
1485 1053 1520 1094 V,
1543 1053 1606 1086 509
1627 1054 1644 1086 b
1663 1059 1701 1097 *et
1720 1065 1782 1098 seq.
1806 1054 1942 1087 Fructus
1961 1056 2017 1089 be-

552 1105 743 1138 neficiorum
767 1106 839 1139 Sedi
860 1106 1061 1150 Apostolicae
1083 1111 1331 1147 reservatorum,
1355 1106 1388 1138 in
1407 1106 1729 1150 regnoNeapolitano
1749 1107 1944 1148 vacantium,
1961 1107 2017 1141 Ca-

552 1170 660 1192 merae
680 1160 883 1204 Apostolicae
903 1159 1119 1204 applicantur,
1152 1159 1210 1192 att
1241 1160 1257 1192 b
1278 1165 1389 1202 etseq.
1413 1159 1595 1192 Reservatio
1624 1160 1858 1193 beneficiorum
1884 1167 2018 1205 propter

552 1211 675 1245 crimen
709 1212 851 1245 haeresis
870 1212 1066 1253 vacantium,
1097 1212 1163 1246 534
1186 1223 1216 1245 (ι.
1240 1213 1274 1245 In
1302 1212 1492 1245 corumdem
1521 1212 1804 1255 impetrationibus
1830 1224 1894 1247 non
1926 1226 2018 1247 com-

551 1266 798 1309 prehenduntur
817 1266 974 1299 beneficia
996 1266 1171 1310 praedicta,
1194 1266 1273 1299 ibid.
1292 1265 1468 1306 Beneficia,
1491 1266 1566 1298 sede
1586 1265 1761 1310 episcopali
1781 1273 1926 1307 vacante,
1941 1269 2015 1301 titu-

552 1319 673 1352 laribus
693 1321 822 1360 orbata,
845 1319 970 1353 Summi
990 1319 1155 1352 Pontificis
1175 1319 1378 1363 dispositioni
1400 1324 1617 1358 1·eserv.·mtur,
1640 1319 1704 1352 05⁴.)
1725 1332 1755 1353 a.
1780 1320 2016 1354 Beneficiorum

551 1374 674 1406 fruetus
695 1374 734 1406 de
754 1374 873 1417 quibus
894 1374 931 1406 lis
952 1374 1082 1417 pendet,
1116 1385 1152 1406 ea
1173 1374 1322 1413 durante,
1354 1373 1472 1417 deponi
1503 1374 1621 1406 debent
1643 1384 1740 1417 penes
1766 1374 1914 1407 idoneam
1944 1385 2016 1418 pcr—

551 1437 662 1459 sonam
683 1438 700 1459 a
721 1427 827 1459 iudice
843 1427 1034 1469 eligendam,
1056 1426 1121 1459 (564
1141 1438 1170 1459 a.
1197 1426 1321 1465 Quibus
1341 1426 1373 1459 in
1395 1426 1522 1458 casibus
1543 1427 1688 1471 episcopi
1708 1427 1942 1461 beneficiorum
1967 1439 2015 1461 re-

550 1480 745 1523 signationcs
765 1480 934 1513 admittere
959 1486 1089 1524 queant,
1121 1479 1186 1513 665
1205 1491 1236 1513 a.
1270 1479 1472 1523 Resignanda
1503 1480 1661 1513 beneticia
1689 1480 1830 1513 conferri
1850 1487 2018 1524 nequeunt

550 1533 799 1576 consanguineis
819 1534 1013 1566 collatorum
1033 1534 1081 1566 vel
1108 1533 1354 1577 resignandum,
1379 1533 1456 1566 ibid.
1486 1534 1515 1565 b.
1539 1533 1599 1566 Res
1620 1539 1649 1565 et
1670 1534 1755 1566 bona
1775 1533 1806 1566 in
1828 1534 1899 1578 pios
1919 1540 1950 1567 et
1969 1545 2018 1567 sa-

551 1597 624 1619 cros
644 1597 721 1619 usus
741 1587 898 1619 destinata
919 1587 991 1620 laici
1014 1592 1188 1631 occupant,
1211 1586 1274 1620 700
1296 1588 1328 1625 b,·
1348 1592 1547 1630 qualnopter
1575 1587 1719 1619 Pontifex
1740 1593 1867 1620 revocat.
1893 1587 2017 1621 indulta

551 1641 724 1682 retinendi,
747 1641 914 1674 obtinendi
935 1642 981 1675 vel
1018 1641 1050 1674 in
1076 1640 1155 1674 alios
1188 1640 1399 1673 transterendi
1423 1640 1594 1684 pensiones
1628 1651 1726 1684 super
1755 1641 1846 1674 bonis
1867 1642 2017 1675 ecclesia-

552 1694 651 1734 sticis,
674 1695 737 1727 iam
759 1700 852 1727 antea
872 1705 1025 1728 concessa
1058 1695 1147 1727 laicis
1169 1694 1358 1727 militiarum
1380 1693 1486 1727 Sancti
1508 1693 1604 1733 Petri,
1636 1694 1666 1727 S.
1696 1694 1797 1734 Pauli,
1830 1694 1861 1727 S.
1887 1695 2014 1738 Georgii

550 1747 755 1790 aliorumque
790 1748 1002 1791 collegiorum
1032 1754 1062 1781 et
1082 1748 1264 1781 officiorum
1298 1748 1461 1780 Romanae
1483 1747 1614 1787 Curiae,
1650 1747 1714 1780 710
1743 1759 1777 1785 ‹{‚·
1798 1747 1882 1780 idem
1905 1748 2016 1781 delinit.

549 1811 608 1844 pro
628 1800 739 1844 quavis
758 1801 820 1834 alia
855 1801 967 1834 militia
988 1807 1019 1834 et
1038 1801 1149 1846 quovis
1170 1801 1233 1834 alio
1252 1800 1459 1839 nosocomio,
1493 1801 1571 1833 ibid.
1599 1801 1627 1832 b.
1652 1800 1717 1833 Soli
1738 1800 1856 1833 milites
1876 1801 2016 1834 caelibes

550 1853 628 1887 alias
648 1854 819 1898 pensiones
839 1855 985 1888 obtinere
1006 1860 1141 1898 possunt
1161 1866 1219 1899 per
1239 1854 1377 1899 privatas
1398 1854 1660 1897 dispensationes,
1683 1853 1740 1887 711
1766 1866 1797 1887 α.
1813 1855 2015 1888 Revocantur

550 1906 739 1941 militiarum
761 1908 928 1942 facultates
948 1908 1145 1942 concedendi
1167 1908 1379 1953 expectativas
1399 1914 1427 1940 et
1451 1908 1683 1941 reservatiimes
1703 1908 1741 1941 ad
1754 1908 1923 1950 beneficia,
1937 1919 2014 1941 ncc-

550 1970 614 1993 non
635 1961 748 1994 eadem
768 1961 918 2002 uniendi,
940 1961 1170 2006 incorporandi
1204 1962 1252 1994 vel
1278 1960 1516 2004 supprimendi,
1554 1961 1650 1998 ibid.‚·
1675 1960 1752 1994 item
1785 1960 2014 2005 expectativae,

550 2014 686 2047 uniones
706 2020 737 2047 et
757 2015 1020 2059 suppressiones,
1057 2026 1140 2058 quae
1162 2014 1344 2059 plenarium
1366 2014 1516 2047 effectum
1537 2014 1667 2047 sortitae
1687 2025 1751 2047 non
1772 2019 1858 2055 sunt,
1880 2014 1959 2047 ibid.
1984 2015 2016 2055 b,-

551 2066 625 2100 item
646 2068 814 2101 facultates
835 2069 970 2101 testandi
991 2069 1030 2101 de
1050 2068 1143 2101 bonis
1163 2067 1389 2101 ecclesiasticis
1410 2079 1446 2099 ac
1469 2072 1673 2107 testamenta,
1693 2078 1777 2111 quae
1797 2067 1942 2100 nondum
1963 2067 2015 2100 ha-

548 2122 691 2155 buerunt
711 2121 874 2163 effectum,
897 2123 976 2154 ibid.
1005 2122 1164 2155 Extinctio
1186 2121 1420 2154 beneficiorum
1444 2121 1474 2153 in
1496 2120 1601 2153 insula
1629 2121 1796 2154 Sardiniae
1817 2120 1888 2153 aliis
1908 2120 2016 2154 unito-

549 2186 633 2217 rum,
655 2187 738 2220 quae
757 2177 879 2210 habent
898 2177 1100 2220 parochiales
1120 2176 1166 2209 uti
1188 2175 1400 2220 praebendas,
1423 2174 1487 2208 720
1507 2186 1538 2208 a.
1566 2175 1804 2208 Paroehialium
1825 2175 1865 2208 ad
1885 2174 2016 2219 primae-

550 2241 623 2262 vum
644 2235 762 2263 statum
782 2230 941 2271 reductio,
964 2231 1042 2264 ibid.
1070 2230 1271 2264 Vicariorum
1292 2228 1457 2273 deputatio
1478 2228 1508 2260 in
1532 2229 1784 2272 parochialibus,
1807 2238 1890 2271 quae
1910 2228 2015 2272 digni-

551 2283 669 2317 tatibus
683 2289 757 2317 sunt
772 2295 927 2324 annexae,
945 2284 1024 2316 ibid.
1039 2285 1068 2316 b.
1082 2284 1303 2317 Confidentiae
1316 2282 1526 2315 beneficiales
1540 2282 1655 2315 iterum
1669 2282 1895 2326 prohihentur,
1909 2281 1973 2314 754
1985 2282 2017 2314 b.

549 2336 624 2371 Pius
642 2338 665 2370 V
686 2338 803 2371 multas
832 2337 961 2371 fraudes
980 2337 1012 2369 in
1028 2338 1088 2370 hac
1112 2349 1148 2371 re
1173 2337 1303 2380 detegit,
1327 2347 1410 2381 quae
1431 2336 1463 2368 in
1485 2335 1605 2369 iudicio
1626 2335 1759 2369 minime
1780 2335 1910 2380 probari
1935 2345 2015 2380 que-

550 2395 629 2433 unt,
651 2391 773 2425 idcirco
803 2391 933 2436 quando
963 2391 1177 2424 confidentiae
1209 2390 1465 2435 praesumendae
1497 2389 1560 2421 sint
1585 2389 1744 2428 declarat,
1768 2387 1831 2422 755
1851 2400 1882 2422 α.
1908 2388 2015 2421 Testes

550 2450 580 2477 et
599 2445 780 2488 singulares
799 2443 1078 2490 praesumptiones
1098 2445 1174 2487 quid
1196 2445 1345 2488 probent,
1369 2442 1433 2477 75ss
1454 2443 1483 2475 b.
1507 2443 1615 2475 Testes
1635 2442 1667 2474 iu
1685 2441 1873 2475 huiusmodi
1893 2441 2014 2475 caussis

550 2509 618 2531 esse
640 2505 773 2542 possunt
791 2510 904 2532 omnes
924 2499 978 2542 qui
999 2498 1030 2531 in
1052 2509 1129 2531 casu
1151 2498 1319 2537 simoniae,
1342 2497 1422 2529 ibid.
1445 2495 1721 2529 Confidentiarum
1744 2495 1920 2538 prohibitio
1947 2505 2015 2527 car-

549 2551 671 2585 dinales
691 2553 785 2585 etiam
816 2553 905 2595 ligat,
938 2551 1001 2585 758
1022 2562 1053 2584 α.
1083 2551 1159 2584 Pius
1179 2551 1200 2583 V
1221 2551 1365 2584 declarat
1385 2556 1416 2583 ct
1437 2549 1570 2593 ampliat
1591 2548 1718 2581 concilii
1739 2547 1915 2581 Tridentini
1935 2558 2014 2592 pro-

549 2604 739 2638 hibitionem
768 2606 889 2649 aliquid
910 2605 1054 2648 exigendi
1075 2605 1123 2638 vel
1144 2604 1275 2648 petendi
1306 2604 1337 2636 in
1358 2602 1596 2635 beneficiorum
1622 2601 1793 2634 collatione
1813 2600 1913 2633 aliave
1935 2611 2011 2644 pro-

545 2659 678 2701 visione,
697 2660 746 2694 vel
765 2659 799 2695 in
818 2659 1010 2696 admissione
1030 2659 1071 2696 acl
1089 2659 1220 2694 illorum
1241 2658 1490 2704 possessionem,
1521 2656 1583 2691 827
1609 2657 1626 2689 b
1656 2663 1687 2690 et
1710 2649 1772 2700 δίᾳ.
1807 2655 2011 2689 Revocantnr
