2237 3100
102 230 150 256 Λη.
169 229 197 257 C.
219 229 285 256 ¹56st

300 280 566 314 iustificationum
586 280 805 323 quarumlibet
824 279 966 323 ipsarum
982 289 1050 312 cnm

299 334 466 378 oriyinali.
494 334 529 366 In
547 333 716 377 scripturis
732 343 806 366 vero
829 332 1049 376 originalibus,

300 393 330 422 et
344 398 362 420 a
378 393 467 431 tergo
484 386 614 420 illarum
631 398 700 420 cum
718 387 851 430 reqistro
867 386 1049 425 concordat,

299 442 369 475 eius
388 440 520 475 nomine
547 440 679 485 proprio
700 440 894 485 subscripto.

342 495 357 539 ἓ
375 495 430 529 40.
452 495 490 527 Ε1
505 494 718 527 nihilominus
742 494 775 526 in
795 494 862 538 ipsa
884 498 1051 537 computo-

112 559 188 580 cleriei
204 558 283 594 i-nsoli-
297 560 371 583 rum
391 547 582 582 solidatione
598 548 707 581 clerici
722 548 761 581 ad
778 548 809 580 id
825 547 968 591 deputati
985 546 1049 579 ori-

99 590 432 648 2²0¹,¹,¹¹‘}{¹u⁰,15¹‘¹⁶31¹¹,‘ginalia=
448 601 598 635 mandata
625 613 682 635 seu
713 612 827 635 eorum
849 605 1049 643 transumpta

97 652 186 679 ‘imm
298 656 481 691 authentica
501 661 532 689 et
551 655 728 699 scripturas
748 655 919 698 diligenter
942 653 1048 686 videre

296 715 479 744 teneantur.

339 763 426 808 girl.
450 762 535 797 Libri
559 773 690 808 quoque
718 762 852 807 praefati
884 761 1047 795 rationum

295 828 476 862 eorumque
496 817 643 860 singulae
659 816 805 860 partitae,
829 823 892 849 tam
909 814 1045 859 accepti,

293 882 392 916 quam
417 870 561 915 expensi,
588 881 754 914 personas,
777 880 901 910 causas,
923 870 1045 909 locum,

294 936 428 966 annum,
446 935 604 965 mensem,
628 924 713 957 diem
729 935 766 957 ac
791 933 951 957 summam
967 922 1047 955 adeo

294 979 398 1013 claros
430 984 526 1022 atque
547 977 712 1012 distinctos
743 978 753 1005 'l
782 977 985 1016 contineant,
1012 982 1048 1008 ut

293 1033 398 1077 qualis
423 1038 629 1076 quantusque
658 1032 697 1064 sit
725 1031 875 1064 introitus
895 1036 923 1063 ct
945 1029 1047 1062 exitus

292 1086 448 1131 omnibus
464 1085 653 1119 innotescat.
676 1085 759 1124 Quin
781 1084 876 1118 etiam
897 1084 977 1116 fides
993 1094 1046 1115 ac-

293 1145 475 1184 ceptorum,
498 1144 562 1172 tam
582 1139 720 1183 privatas
754 1149 850 1182 quam
884 1137 1044 1183 publicas,

292 1193 520 1237 notariumque
545 1192 584 1225 de
607 1192 652 1226 eis
672 1197 833 1235 rogatum,
861 1202 897 1225 ac
914 1190 1047 1224 nomina

291 1247 476 1281 debitorum
503 1246 648 1280 eiusdem
678 1246 849 1286 Gamerae,
886 1257 923 1279 ac
947 1245 1045 1278 ratio-

292 1312 366 1334 nem
382 1301 470 1334 illam
481 1300 696 1344 spectantium
704 1300 837 1344 eiusque
848 1300 1019 1343 qualitates
1030 1299 1047 1327 2

292 1349 414 1395 pariter
446 1349 734 1394 comprehendant.
761 1349 799 1382 Et
827 1349 852 1382 si
881 1360 919 1382 ea
943 1349 982 1382 de
1011 1359 1045 1382 re

291 1404 476 1433 contractus
496 1399 582 1432 ullus
602 1399 803 1440 celebratus,
834 1398 933 1432 aliave
964 1398 1045 1431 scri-

290 1453 404 1492 ptura,
432 1453 497 1481 tam
527 1448 657 1492 publica
682 1459 780 1492 quam
809 1449 948 1492 privata,
972 1458 1045 1481 con-

289 1498 371 1531 fecta
398 1497 510 1538 suerit,
537 1508 575 1530 ea
604 1498 713 1530 omnia
743 1497 774 1529 in
795 1497 909 1530 eodem
929 1498 977 1530 vel
997 1499 1043 1530 al-

95 824 149 846 Libri
160 825 277 850 rationum,

95 861 149 884 quae
164 857 276 878 continere

95 888 194 909 debeant.

0 1411 18 1468 ᾗ*

0 1543 22 1593 5⁵5-
291 1553 359 1581 tero
380 1547 462 1581 libro
483 1547 625 1591 praefato
652 1546 747 1580 simul
769 1558 844 1580 cum
865 1547 934 1580 aliis
960 1548 1043 1590 regi-

3 1599 19 1639 '5
290 1602 443 1637 strentur,
457 1602 486 1630 et
499 1595 698 1639 singulatim,
712 1602 807 1641 prout
828 1596 896 1641 ipsa
909 1608 959 1630 res
971 1608 1042 1630 exe-

0 1651 21 1687 »ξ
288 1646 381 1689 gerit,
414 1646 564 1679 citentur.
596 1646 633 1678 Et
654 1646 686 1678 in
710 1646 854 1690 qualibet
878 1646 1043 1680 exactione

0 1700 18 1743 ’ᾗ
289 1695 461 1729 commissa
472 1701 704 1740 praeponatur,
727 1696 823 1729 etiam
837 1701 906 1729 taxa
927 1696 1042 1730 deinde

0 2013 25 2136 t

0 2337 22 2402 ,ᾖ
283 2343 416 2386 praefati
450 2347 608 2387 perpetuo
643 2342 781 2376 retinere
812 2349 840 2376 et
875 2344 1037 2379 custodire

0 2401 19 2425 ’ἢ
284 2396 463 2425 teneantur.

0 2431 35 2480 [⁴7]
325 2440 409 2485 543.
431 2441 521 2481 Quod
538 2441 563 2474 si
584 2452 677 2475 secus
697 2441 763 2483 liat,
796 2442 868 2486 libri
894 2442 954 2487 ipsi
970 2454 1035 2477 non

6 2486 18 2516 ’ἶ
99 2502 268 2525 eamr-immen-
281 2490 492 2524 admittantur
510 2501 547 2524 ac
559 2491 646 2524 omni
664 2502 797 2535 prorsus
812 2492 874 2525 fide
891 2499 1032 2527 careant.

288 1745 458 1778 scribatur.
486 1745 523 1778 Et
542 1745 674 1778 demum
694 1745 861 1778 residuum
888 1746 1041 1789 pecunia-

288 1806 372 1835 rum,
395 1800 553 1838 quantum
575 1794 605 1827 id
627 1795 735 1835 suerit,
754 1800 781 1827 et
804 1806 820 1827 a
846 1796 964 1839 quibus
976 1797 1041 1830 exi-

287 1845 428 1887 gendum
449 1844 631 1885 adnotetur3
662 1855 720 1888 per
739 1845 801 1878 hoc
822 1845 909 1878 enim
930 1846 1042 1880 introi-

287 1900 390 1927 tuum*
408 1894 555 1927 omnium
584 1894 736 1928 Gamerae
766 1895 846 1928 ratio
872 1896 1041 1940 hucusque

286 1944 318 1976 in
333 1944 456 1977 incerto
469 1944 570 1987 posita
591 1950 622 1978 ct
641 1945 730 1978 valde
751 1945 889 1978 obscura
907 1946 1039 1985 reddita,

285 1994 437 2027 omnibus
456 1995 627 2039 perspicua
647 1996 714 2036 fiet,
732 2006 769 2028 ac
781 1995 908 2038 negotia
930 1996 1041 2030 huius-

286 2044 371 2077 modi
399 2044 526 2077 cautius
554 2045 776 2088 expedientur,
795 2051 824 2078 et
845 2046 1038 2080 clericorum

286 2093 443 2127 iudicium
468 2093 594 2127 firmius
621 2099 716 2138 atque
745 2095 846 2128 tutius
872 2095 1036 2130 reddetur.

328 2142 417 2186 §42
453 2143 601 2186 Ipsorum
635 2144 774 2188 denique
807 2150 1037 2188 computorum

98 2207 122 2229 Ε,
137 2210 158 2229 1„
174 2210 268 2231 mmm,
284 2192 492 2226 solidationes
523 2198 691 2237 promptae
725 2204 854 2238 semper
887 2195 1039 2229 munibus

85 2241 240 2261 0⁸⁵¹⁰¹¹³ssn¹¹¹¹³
284 2242 450 2287 patebunt,
489 2253 563 2276 cum
594 2242 693 2275 libros
720 2243 905 2277 huiusmodi
927 2244 959 2277 111
989 2257 1038 2278 ar-

283 2291 387 2326 chivio
421 2292 565 2326 eiusdem
609 2292 759 2326 Gamerae
795 2299 1037 2338 computatores

80 2537 113 2556 teu
131 2536 251 2562 puniantur.

280 2539 529 2574 Administrator
549 2540 656 2581 etiam,
688 2541 743 2585 qui
765 2542 904 2576 rationes
925 2539 1034 2577 con‘se-

279 2633 289 2668 (
317 2595 327 2620 1
351 2595 430 2669 C)l‹1-re
440 2597 651 2628 atquedistincte
689 2596 897 2630 ἳῼιιαπιὶιιιιος,
915 2596 1032 2625 Cherub.

293 2641 320 2660 11.
334 2641 358 2660 Τ.
378 2655 384 2660 .

968 225 1037 250 PIUS
1059 226 1091 250 lv
1110 225 1159 249 1²1².

1739 213 1803 247 319

1095 277 1186 317 cerit,
1210 277 1354 321 periurio
1372 281 1510 310 notetur.
1534 276 1684 309 Notarius
1698 287 1772 310 vero
1789 288 1846 321 pro

1095 331 1237 375 qualibet
1257 342 1323 364 vrce
1334 331 1549 364 ducentorum
1566 330 1757 363 ducatorum
1774 342 1847 374 poc-

1094 395 1168 418 nam
1189 385 1344 418 incurrat.
1374 385 1412 417 Et
1431 385 1456 418 si
1482 383 1573 416 libris
1593 384 1744 427 praefatis
1788 385 1847 418 sul)

1093 438 1291 482 praescripta
1319 439 1423 471 forma
1452 448 1517 471 non
1547 438 1714 479 consectis,
1737 438 1846 472 clerici

1093 491 1216 525 iudices
1235 492 1274 525 ad
1294 492 1501 525 solidationes
1527 496 1756 536 computorum
1775 503 1847 536 pro-

1093 545 1263 586 cesserint,
1300 546 1424 579 ducatis
1458 546 1546 580 mille
1569 545 1654 587 auri,
1684 546 1845 590 praefatae

1092 598 1243 632 Gamerae
1276 600 1489 644 applicandis,
1526 600 1724 633 mulctentur
1751 606 1782 634 et
1806 601 1845 633 ad

1091 653 1245 686 interesse
1265 654 1333 687 fisci
1352 659 1531 688 teneantur.
1572 654 1845 689 Vicecamcrarius

1091 716 1165 739 vero
1201 712 1231 739 et
1251 708 1487 748 thesaurarius,
1518 707 1705 753 praesidens
1734 714 1764 742 et
1790 710 1843 743 alii

1091 761 1279 801 camerales,
1298 761 1322 794 si
1343 767 1373 794 et
1393 761 1453 805 ipsi
1469 762 1501 795 in
1523 762 1619 806 culpa
1638 762 1768 804 suerint,
1784 775 1842 797 no-

1091 820 1156 847 stro
1177 819 1203 847 et
1226 815 1421 848 successoris
1441 816 1543 849 nostri
1559 816 1692 849 arbitrio
1709 818 1844 860 punian-

1089 874 1154 908 tur3
1188 874 1394 912 computator
1422 870 1461 902 ab
1491 870 1597 903 officio
1626 877 1839 905 removeatur.

1088 921 1239 955 Rationes
1263 933 1393 965 quoque
1427 923 1600 967 superinde
1627 925 1842 959 consolidatae

1090 981 1119 1008 et
1140 976 1257 1009 calculi
1282 977 1354 1009 t'acti
1379 988 1417 1009 ac
1437 976 1511 1010 inde
1531 983 1640 1010 secuta
1664 990 1841 1022 quaecum-

1089 1040 1151 1072 que
1172 1029 1233 1062 sint
1253 1030 1375 1063 nullius
1395 1030 1522 1063 roboris
1541 1031 1588 1064 vel
1610 1032 1776 1065 momenti.

1133 1083 1148 1126 ,ξ
1167 1082 1221 1115 44.
1244 1083 1359 1117 Clerici
1379 1095 1453 1118 vero
1474 1084 1610 1124 iudices,
1632 1084 1750 1127 quibus
1775 1086 1842 1131 ipsa

1089 1136 1252 1170 rationum
1265 1137 1400 1171 redditio
1417 1138 1609 1171 demandata
1629 1138 1738 1180 suerit,
1762 1151 1839 1181 non,
1857 1131 2040 1187 ζ’,ζζῗηηζῖίζζῇζζ

1089 1195 1122 1223 ut
1134 1191 1237 1235 prius,
1259 1191 1432 1234 separatim
1454 1198 1485 1225 et
1509 1192 1589 1224 alter
1610 1197 1679 1236 post
1703 1193 1840 1227 alterum
1857 1194 1902 1212 '¹³¹³'

1088 1244 1228 1278 rationes
1239 1244 1324 1288 ipsas
1339 1245 1524 1286 discutiant,
1548 1246 1603 1278 sed
1623 1247 1841 1290 antiquiorem

1089 1298 1247 1341 posterior
1268 1298 1372 1339 adeat,
1397 1298 1452 1342 qui
1473 1299 1685 1341 coniunctim,
1708 1301 1842 1334 admini-

1087 1356 1222 1385 stratore
1252 1358 1281 1385 et
1304 1358 1529 1396 computatore
1546 1354 1781 1397 praesentibus,
1799 1356 1841 1389 ei-

1086 1411 1217 1449 tatoque
1234 1411 1445 1449 procuratore
1460 1406 1530 1440 fisci
1546 1418 1602 1440 seu
1619 1408 1840 1442 commissario

1086 1459 1251 1499 Gamerae,
1274 1466 1391 1493 cuncta
1412 1461 1625 1505 perpendant,
1661 1463 1838 1505 ponderent

1087 1520 1117 1547 et
1146 1513 1318 1551 excutiant,
1349 1514 1741 1556 admittendaadmittant,
1768 1518 1840 1550 reii-

1085 1567 1199 1601 cienda
1227 1567 1386 1609 reiiciant,
1418 1573 1448 1602 et
1476 1569 1574 1602 dubia
1595 1570 1677 1614 parti
1702 1576 1730 1603 ct
1761 1573 1840 1605 Iis-co

1085 1621 1279 1666 disputanda
1301 1622 1496 1666 relinquant,
1523 1635 1606 1668 quae
1623 1635 1697 1657 cum
1719 1625 1837 1659 eisdem

1085 1682 1211 1709 mature
1226 1675 1412 1709 examinata
1441 1683 1537 1721 atque
1564 1677 1719 1719 discussa,
1744 1687 1836 1723 prout

1084 1730 1129 1763 eis
1149 1730 1270 1763 iustum
1286 1730 1456 1772 videbitur,
1475 1732 1514 1765 ab
1534 1732 1622 1776 ipsis,
1645 1733 1729 1766 sacto
1749 1734 1839 1777 prius

1083 1784 1179 1817 verbo
1206 1785 1237 1817 in
1271 1785 1365 1828 plena
1399 1784 1551 1827 Camcra,
1583 1786 1773 1820 decidantur
1806 1795 1833 1821 et

1083 1838 1307 1872 terminentur.

1127 1894 1142 1935 ,ξ
1162 1894 1215 1928 45.
1245 1894 1283 1926 Et
1307 1894 1382 1939 quia
1403 1906 1440 1928 ex
1461 1896 1550 1929 tarda
1580 1897 1741 1931 rationum
1764 1900 1835 1933 red-
1872 1908 2036 1928 Mnaseus-¹¹0-

1082 1947 1201 1981 ditione
1223 1948 1331 1981 omnia
1352 1949 1384 1981 in
1400 1949 1468 1983 dies
1487 1950 1677 1983 obscuriora
1695 1940 2035 1992 reddun-l22⁴¹⁰¹121ffi11⁰ssiss

1083 2007 1146 2042 tur,
1173 2006 1203 2035 et
1231 2003 1387 2047 pleraque
1408 2004 1492 2037 mala
1520 2003 1634 2038 exinde
1667 2007 1836 2049 provenire
1852 2003 1947 2023 mmm·

1082 2062 1273 2097 noscuntur,
1296 2068 1379 2101 quae
1399 2069 1464 2101 quo
1485 2059 1613 2102 longius
1637 2061 1835 2104 protrahun-

1080 2116 1134 2143 tur
1153 2116 1184 2144 et
1203 2110 1452 2153 inveterascunt,
1475 2124 1513 2146 eo
1534 2112 1739 2156 impeditiora
1754 2115 1835 2148 liunt

1080 2170 1111 2198 et
1137 2164 1298 2199 difficilius
1332 2166 1550 2210 explicantur,
1582 2168 1669 2211 quod
1697 2168 1834 2202 admini-

1080 2224 1231 2253 stratores
1252 2230 1365 2253 omnes
1385 2232 1495 2254 rerum
1513 2221 1737 2263 cameralium,
1752 2234 1833 2267 quo-

1079 2284 1221 2317 cumque
1242 2274 1374 2308 nomine
1398 2275 1590 2319 nuncupati,
1612 2276 1668 2319 qui
1693 2277 1833 2312 rationes

1078 2327 1112 2360 in
1140 2328 1272 2361 Gamera
1301 2329 1533 2372 quoquomodo
1553 2329 1711 2363 reddituri
1740 2337 1830 2373 sunt,

1077 2381 1148 2415 illas
1172 2393 1236 2415 non
1262 2382 1295 2415 in
1315 2382 1379 2416 fine
1399 2383 1684 2417 administrationis
1703 2395 1828 2427 eorum,

1078 2436 1113 2464 ut
1132 2431 1234 2476 prius,
1261 2433 1326 2473 sed,
1347 2432 1373 2465 si
1394 2432 1629 2466 administratio
1659 2434 1744 2467 ultra
1773 2446 1830 2468 an—

1076 2491 1156 2513 num
1177 2481 1351 2522 duraverit,
1383 2481 1511 2525 singulo
1531 2493 1663 2526 quoque
1683 2493 1780 2523 anno,
1798 2484 1829 2517 in

1077 2530 1140 2563 tine
1165 2530 1252 2563 illius
1275 2531 1323 2563 vel
1344 2531 1506 2574 sequentis
1527 2531 1704 2576 principio,
1734 2533 1829 2566 modu

1076 2580 1266 2623 praemisso,
1290 2581 1424 2614 reddere
1435 2581 1567 2614 omnino
1577 2587 1759 2615 teneantur.
1778 2583 1827 2615 ld-

1075 2640 1151 2673 que,
1174 2630 1246 2671 nisi,
1269 2630 1352 2665 iusta
1363 2630 1526 2665 interdum
1545 2632 1698 2666 suadente
1718 2642 1825 2674 causa,

1862 223 1912 249 Au.
1931 223 1959 250 C.
1978 223 2045 249 1564

1871 1098 1969 1120 1141111119,-
1980 1108 1990 1119 ,1
1999 1100 2041 1119 cle-
