2237 3100
82 286 131 313 An.
149 284 181 315 C.
199 285 260 314 1561

96 2063 206 2086 Clausulas
221 2064 257 2086 de-

70 2096 196 2122 rogatui-iae.

96 2224 208 2246 Decretum
228 2226 256 2246 ir-

70 2257 144 2277 filans.

954 284 1023 308 PIUS
1043 284 1073 308 Π
1092 282 1139 305 ΡΡ.

280 336 417 377 bantur,
450 341 539 369 motu
568 335 664 369 simili
691 346 728 368 ac
754 346 790 369 ex
817 341 925 370 nostra
945 342 1032 370 certa

280 390 412 424 scientia
432 395 463 423 et
482 390 647 434 potestatis
667 390 879 434 plenitudine,
898 391 1030 424 manda-

280 454 351 477 mus
387 449 547 487 quatenus
579 444 612 476 in
643 443 793 476 omnibus
828 449 855 476 et
896 444 1030 487 quibus-

279 508 442 541 cumque,
471 497 611 540 ubique,
642 502 706 530 tam
738 508 847 531 coram
881 497 1031 542 praefatis

279 550 496 584 cardinalibus
515 561 612 594 quam
628 550 726 583 Rotae
748 550 961 590 auditoribus,
983 550 1031 583 iu-

278 602 403 636 dicibus
423 603 594 636 ordinariis
616 603 677 636 sive
698 602 867 646 delegatis,
888 603 1030 647 penden-

280 656 363 690 tibus
402 656 506 690 causis
532 657 750 701 praefatorum
782 656 866 689 dicto
892 655 1030 689 concilio

279 711 388 743 adesse
408 709 615 750 habentium,
639 710 833 744 clericorum
853 709 917 742 sive
934 709 1030 742 laico-

280 775 369 805 rum,
395 763 575 798 commissis
605 775 660 797 seu
691 762 944 803 committendis,
971 763 1030 795 du-

279 824 370 852 rante
390 829 503 851 eorum
525 817 669 851 absentia
690 823 719 851 et
740 817 818 862 ipsis
837 816 869 849 in
891 816 1028 850 concilio

279 878 309 906 et.
339 872 474 906 servitiis
498 872 685 905 huiusmodi
710 871 942 911 residentibus,
974 882 1027 904 su-

277 927 448 971 persedere
473 927 626 966 debeant,
650 931 873 969 praeterquam
897 924 929 956 in
951 936 1028 957 cau-

278 981 332 1021 sis,
355 981 387 1014 in
407 980 525 1025 quibus
549 980 609 1024 ipsi
629 979 762 1024 praelati
785 983 815 1011 et
839 978 891 1011 alii
912 989 1027 1023 supra-

278 1034 387 1078 scripti
409 1045 466 1078 per
486 1045 599 1067 eorum
622 1036 850 1077 procuratores
880 1031 1029 1066 duxerint.

277 1087 532 1131 procedendum,
550 1087 581 1119 in
597 1086 715 1130 quibus
730 1084 769 1117 sit
788 1084 820 1116 in
837 1085 1026 1118 eorumdem

277 1140 409 1173 arbitrio
430 1141 492 1173 hoc
511 1144 620 1172 nostro
641 1137 791 1171 mandato
813 1138 859 1170 uti
875 1138 923 1171 vel
948 1149 1024 1171 non.

277 1194 313 1228 Et
334 1195 375 1227 ita
404 1194 610 1233 mandamus,
642 1191 848 1225 decernimus
869 1197 899 1225 et
919 1192 1026 1226 decla-

277 1259 397 1281 ramus.
438 1246 620 1279 Mandantes
650 1245 783 1290 insuper
816 1246 1024 1291 cuicumque,

277 1302 370 1335 etiam
391 1305 516 1333 sanctae
541 1300 704 1332 Romanae
733 1299 895 1333 Ecclesiae
921 1301 1026 1334 cardi-

276 1355 356 1394 nali,
387 1354 442 1397 qui
471 1354 654 1396 signaturae
680 1353 816 1388 iustitiae
843 1360 960 1398 praeest
979 1357 1026 1389 vel

274 1408 403 1452 praeerit
432 1407 464 1440 in
492 1407 575 1442 dicta
600 1408 685 1441 alma
709 1408 811 1449 Urbe,
834 1419 874 1441 ne
898 1409 931 1442 in
952 1421 1026 1443 cau-

256 1462 314 1496 'sis
339 1462 555 1506 pendentibus
575 1462 762 1496 huiusmodi
789 1463 915 1506 aliquas
935 1475 1025 1497 com-

272 1515 440 1549 missiones
457 1516 686 1560 dependentes,
710 1516 878 1550 citationes
893 1529 949 1551 seu
969 1530 1024 1552 vo-

272 1571 413 1604 cationes
446 1571 592 1615 ipsorum
631 1576 772 1604 nostram
807 1572 936 1605 Curiam
975 1585 1023 1607 se-

271 1625 439 1669 quentium
471 1625 510 1659 de
539 1625 618 1670 stylo
652 1625 870 1669 requirentes,
906 1627 939 1660 in
969 1639 1023 1661 eo-

270 1689 343 1712 rum
364 1679 599 1723 praeiudicium
621 1679 804 1720 admittant,
828 1681 924 1713 etiam
946 1682 969 1714 si
992 1682 1022 1715 in

271 1734 315 1766 eis
341 1740 395 1766 aut.
423 1733 530 1778 aliqua
561 1734 819 1779 supradictarum
851 1746 1021 1768 causarum

271 1787 477 1829 executione,
517 1799 582 1821 non
621 1793 729 1821 tamen
767 1789 936 1821 occasione
976 1790 1021 1823 rei

267 1841 440 1883 iudicatae,
466 1840 684 1886 procedatur.‘
710 1842 816 1875 Status
849 1854 1021 1876 causarum

268 1896 454 1929 huiusmodi
484 1902 513 1930 et
548 1896 661 1930 merita
693 1907 752 1941 pro
782 1897 939 1942 expressis
968 1898 1022 1931 ha-

267 1949 390 1984 bentes.

313 2005 378 2048 §2
410 2006 479 2039 Non
508 2005 707 2039 obstantibus
733 2005 923 2049 privilegiis,
947 2018 1022 2040 cou-

269 2058 500 2100 stitutionibus,
536 2059 637 2092 literis
670 2060 865 2103 apostolicis,
902 2060 1022 2103 regulis

269 2113 486 2147 Cancellariae
502 2124 539 2147 ac
556 2114 816 2158 quibuscumque
838 2115 1017 2148 contrariis.

314 2167 329 2210 ἓ
360 2165 392 2200 3.
430 2167 561 2200 Sublata
601 2167 861 2211 quibuscumque
905 2168 1020 2202 iudici-

268 2221 341 2261 bus,
382 2221 477 2254 etiam
513 2226 640 2254 sanctae
660 2221 822 2255 Romanae
861 2222 1021 2256 Ecclesiae

269 2274 506 2316 cardinalibus,
545 2275 637 2309 aliter
657 2275 820 2309 iudicandi
857 2276 1018 2309 facultate.

269 2328 483 2362 Decernentes
509 2329 635 2362 irritum
659 2334 688 2362 et
715 2329 828 2370 inane,
851 2329 876 2363 si
897 2341 989 2364 secus
1005 2341 1023 2363 a

269 2393 447 2426 quoquam,
470 2383 609 2416 scienter
626 2383 674 2416 vel
696 2383 893 2426 ignoranter,
923 2385 1023 2418 conti-

271 2435 353 2478 gerit
372 2436 532 2469 attentari.

421 2489 540 2529 Placet,
564 2494 652 2522 motu
672 2489 816 2534 proprio.
845 2490 868 2524 Ι.

352 2732 426 2764 Bull.
443 2731 520 2763 Rom.
540 2733 596 2764 Vol.
618 2733 674 2764 VII.
869 2734 905 2765 15

1717 271 1752 304 14
1760 270 1781 305 3

1382 331 1511 366 xxxvl.

1074 402 1247 445 Deputaez'o
1259 402 1397 444 quinque
1413 401 1602 443 [θραῖονυνη1
1625 401 1680 443 qui
1695 401 1827 434 nomine

1117 456 1228 498 Papae
1267 455 1402 487 concilio
1443 453 1632 486 Tridentino
1658 455 1824 497 praesint,

1117 520 1187 542 cum
1210 508 1424 550 facultatibus
1448 507 1634 540 necessariis
1650 511 1707 540 etc.
1729 508 1758 541 4.

1071 582 1133 610 Pius
1151 580 1292 616 episcopus
1308 586 1403 608 servus
1416 586 1557 608 servornm
1571 579 1626 612 Dei.
1640 579 1750 608 dilectis
1761 579 1828 608 filiis

1117 635 1209 662 Iacobo
1229 634 1343 662 Sanctae
1361 633 1464 662 mariae
1483 633 1510 662 in
1529 633 1579 661 Via
1601 633 1693 666 Puteo,
1714 634 1744 662 et
1762 633 1826 662 Hor-

1117 688 1171 716 culi
1190 689 1303 717 Sanctae
1323 688 1426 716 Mariae
1461 688 1547 716 novae
1581 688 1613 716 de
1637 687 1765 720 Mantua,
1796 695 1827 716 ne

1116 742 1272 778 Hieronymo
1284 745 1395 772 sanctae
1411 745 1548 772 susannae
1559 742 1715 778 Seripando,
1727 744 1758 772 et
1767 744 1828 771 sta-

1115 797 1202 824 nislao
1235 797 1419 830 warmiensi,
1444 804 1545 826 necnon
1568 797 1700 826 Lndovico
1734 797 1826 826 sancti

1115 850 1221 886 cyriaci
1235 851 1262 879 in
1277 852 1399 880 Thermis
1415 852 1567 880 Simonetae
1586 850 1735 879 titulorum
1751 859 1827 887 pres·

1113 905 1221 940 hyteris
1253 906 1437 934 cardinalibus
1456 905 1632 940 nuncupatis,
1665 905 1770 934 nostris
1798 907 1829 935 et

1114 959 1284 993 Apostolicae
1304 959 1377 988 Sedis
1396 960 1428 988 de
1447 958 1536 988 latere
1566 959 1680 995 legatis,
1709 960 1827 989 salutem

1114 1014 1143 1041 et
1168 1013 1349 1048 apostoticam
1367 1013 1595 1042 benedictionem.

1115 1076 1274 1119 Regimini
1310 1081 1340 1109 et
1369 1087 1465 1109 curae
1498 1076 1687 1110 universalis
1720 1079 1826 1123 gregis

1071 1130 1238 1170 dominici,
1265 1129 1387 1162 meritis
1406 1129 1479 1162 licet
1499 1129 1693 1173 imparibus,
1717 1131 1825 1176 dispo-

1069 1190 1165 1217 nente
1181 1184 1328 1225 Domino,
1348 1183 1577 1228 praesidentes,
1597 1184 1641 1216 sic
1653 1185 1774 1219 utiliter
1789 1197 1825 1219 ac

1070 1237 1218 1279 sollicite,
1246 1237 1521 1281 quemadmodum
1543 1238 1582 1271 ad
1602 1238 1678 1271 boni
1699 1245 1730 1272 et
1750 1250 1827 1283 pru-

1070 1292 1173 1325 dentis
1193 1292 1432 1336 patrisfamilias
1450 1297 1573 1336 spectat
1593 1292 1749 1334 officium,
1780 1294 1827 1327 in-

1070 1346 1217 1379 iunctum
1242 1346 1336 1379 nobis
1362 1346 1532 1390 pastoralis
1557 1347 1702 1379 muneris
1733 1347 1825 1380 debi-

1069 1406 1137 1433 tum
1158 1411 1307 1434 exercere
1328 1411 1387 1445 pro
1407 1399 1490 1433 virili
1511 1405 1620 1433 nostra
1644 1401 1822 1442 studemus,

1068 1460 1103 1487 ut
1137 1466 1191 1495 ea,
1227 1465 1322 1498 quae,
1346 1453 1591 1488 rationabilibus
1616 1459 1646 1488 et
1676 1454 1826 1497 legitimis

1068 1508 1296 1542 obsistentibus
1305 1508 1404 1560 23per
1414 1519 1473 1542 nos
1484 1509 1570 1553 ipsos
1585 1514 1748 1553 praestare
1760 1520 1826 1543 non

1066 1574 1253 1608 possumus,
1277 1563 1466 1607 praesertim
1488 1563 1618 1607 quando
1640 1563 1715 1596 talia
1737 1569 1824 1605 sunt,

1066 1628 1150 1660 quae
1180 1628 1305 1650 moram
1334 1627 1400 1650 non
1433 1617 1623 1662 patiuntur,
1654 1628 1712 1662 per
1746 1617 1826 1651 alios

1066 1671 1151 1704 viros
1188 1671 1303 1705 virtute
1337 1677 1367 1705 et
1401 1672 1593 1705 auctoritate
1627 1676 1826 1716 praestantes

1068 1726 1196 1758 efficere
1218 1725 1388 1769 diligenter
1408 1736 1572 1759 curemus.

1109 1781 1124 1824 ξ
1150 1780 1180 1812 sl.
1205 1780 1283 1813 Cum
1304 1780 1412 1825 itaque
1445 1791 1562 1826 nuper,
1589 1780 1629 1814 ad
1655 1780 1828 1816 schismata
1843 1783 2026 1840 cfifflffitffggfffl

1064 1839 1094 1867 et
1118 1835 1278 1876 haereses,
1305 1847 1388 1879 quae
1409 1846 1467 1879 per
1488 1846 1600 1868 omnes
1621 1835 1818 1880 reipublicae

1064 1888 1255 1923 christianae
1272 1895 1378 1934 partes
1402 1895 1621 1934 pervaserunt,
1648 1891 1817 1933 tollendas,

1064 1954 1190 1976 necnon
1217 1944 1256 1977 ad
1294 1944 1502 1987 corrigendos
1535 1948 1563 1977 et
1598 1945 1821 1979 reformandos

1064 2009 1170 2031 mores
1194 1998 1360 2031 christiani
1380 1998 1505 2042 populi,
1532 2008 1710 2042 pacemque
1738 1999 1821 2033 inter

1064 2051 1255 2085 christianos
1294 2051 1456 2095 principes
1490 2052 1752 2094 conservandam,
1782 2054 1820 2087 de

1063 2102 1294 2135 venerabilium
1325 2103 1459 2135 fratrum
1480 2108 1665 2135 nostrorum
1693 2109 1820 2137 sanctae

1063 2151 1226 2185 Romanae
1261 2152 1420 2185 Ecclesiae
1448 2151 1660 2185 cardinalium
1687 2153 1821 2187 consilio

1064 2206 1095 2234 et
1122 2212 1266 2241 assensu,
1294 2212 1421 2234 sacrum
1443 2201 1691 2235 oecumenicum
1712 2203 1822 2236 conci-

1064 2250 1143 2283 lium
1170 2251 1202 2284 in
1227 2251 1352 2285 civitate
1372 2250 1558 2284 Tridentiua
1583 2251 1621 2283 ad
1650 2251 1823 2286 sacratissi-

1064 2312 1153 2333 mum
1174 2301 1258 2334 diem
1269 2299 1526 2334 Resurrectionis
1546 2299 1731 2334 Deniinicae
1752 2312 1823 2344 pro-

1064 2349 1147 2383 xime
1162 2351 1308 2383 futurum
1321 2361 1378 2394 per
1387 2349 1464 2382 alias
1474 2355 1598 2382 nostras
1609 2350 1668 2383 sub
1686 2350 1821 2393 plumbo

1065 2400 1227 2433 confectas
1247 2400 1354 2432 literas
1370 2398 1384 2422 3
1401 2398 1655 2440 decreverimus,
1679 2405 1776 2443 prout
1791 2399 1823 2434 in

1065 2449 1186 2483 eisdem
1206 2449 1306 2482 literis
1327 2447 1454 2493 plenius
1479 2447 1672 2481 continetur.

1111 2497 1174 2542 §2
1198 2498 1272 2538 Nos,
1305 2498 1451 2530 nolentes
1479 2502 1545 2530 tam
1571 2502 1716 2532 sanctum
1738 2499 1822 2533 cele-

1066 2547 1181 2581 brandi
1211 2547 1312 2591 ipsius
1333 2546 1460 2580 concilii
1482 2546 1608 2580 initium
1634 2547 1701 2581 ullo
1728 2553 1822 2592 pacto

1105 2615 1115 2640 1
1127 2613 1165 2640 Ex
1179 2613 1315 2650 Raynaldo
1326 2614 1473 2640 continuat.
1487 2613 1581 2641 Annal.
1594 2621 1661 2649 opus
1672 2614 1821 2650 posthum,

1068 2657 1133 2680 tom.
1158 2661 1231 2680 xxii.
1284 2655 1300 2681 2
1320 2655 1410 2680 Causis
1435 2653 1508 2680 addit
1530 2653 1685 2690 Raynaldus
1704 2654 1743 2691 (n.
1770 2654 1818 2690 τ.).

1068 2695 1083 2721 5
1103 2695 1304 2728 celebrandum,
1325 2693 1480 2730 Raynaldus
1499 2693 1536 2731 (n.
1558 2694 1607 2730 τ.).

1843 280 1892 307 An.
1909 278 1938 306 C.
1957 280 2021 308 1861

1867 1090 1984 1114 Exordium.
