2237 3100
234 299 283 327 An.
300 301 329 328 C.
347 298 415 328 ¹565

306 896 412 917 Ctausutus

231 931 359 953 prae-‘suvant⁴
379 935 413 954 110-

230 960 285 985 1101111
298 967 302 984 ;

253 1594 363 1615 Decretum
379 1596 409 1615 ir-

227 1629 292 1646 rttnus
306 1626 368 1646 addit.

279 2180 406 2202 Executoros

224 2214 319 2239 deputnt;

473 288 537 325 398

430 353 512 387 dicta
531 353 611 387 Sede
631 363 687 387 seu
719 352 990 397 aliundecumque
1010 359 1175 398 expectato

429 408 591 448 mandato,
614 408 701 441 omni
719 419 820 447 mora,
839 407 989 440 dilatione
1005 413 1032 440 et
1051 413 1177 441 coutra-

429 460 567 494 dictione
593 461 805 501 cessantibus,
832 460 958 493 easdcm
992 466 1175 504 praesentes

429 513 461 546 in
485 514 568 546 dicta
588 514 719 547 Camera
747 513 906 556 recipiant
935 519 965 546 ct
994 514 1172 555 admittant,

428 578 465 599 ac
489 567 520 599 in
540 567 624 599 illius
644 566 732 599 libris
759 566 920 609 registrari
946 568 1113 606 mandent,
1142 568 1175 601 il-

428 620 537 663 lasque
566 620 791 653 inviolabiliter
815 615 914 653 ct'ad
949 632 1110 664 unguem,
1142 622 1175 654 in

427 673 578 706 omnibus
604 679 635 706 et
660 684 717 717 per
741 674 861 714 omnia,
878 680 1036 718 perpetuo
1064 675 1174 708 obser—

427 732 510 766 vent,
532 737 568 759 ac
588 726 627 759 ab
647 726 797 760 omnibus
816 732 845 760 et
865 727 999 771 singulis
1014 728 1175 762 observari

427 780 543 813 saciant
563 780 691 814 realiter
707 786 736 814 et
756 792 829 814 eum
851 781 978 815 effectu.

470 834 550 878 537.
568 835 611 867 Λο
627 841 809 878 praesentes
824 836 933 869 literas
946 843 1102 880 perpetuo
1118 837 1174 869 du-

427 899 498 921 rare
519 894 549 922 et
572 889 695 929 valere,
722 889 935 933 perpetuique
965 890 1091 933 roboris
1119 890 1173 922 tir—

428 941 535 974 mitate
556 941 741 982 subsistere,
763 953 868 987 neque
893 943 931 976 dc
958 943 1174 987 subreptionis

426 996 473 1028 vel
501 995 700 1039 obreptionis
728 1008 785 1029 seu
810 997 982 1037 nullitatis,
1013 1003 1066 1030 aut
1087 998 1174 1041 quod

427 1050 601 1093 praemissa
620 1055 650 1083 et
667 1050 1093 1094 quodlibetpraemissorum
1110 1062 1173 1084 11011

427 1103 545 1136 suerint
565 1115 625 1137 usu
641 1110 781 1149 recepta,
809 1110 863 1137 aut
885 1104 946 1137 alio
967 1116 1173 1149 quocumque

425 1157 517 1198 vitio,
553 1168 609 1190 seu
635 1158 729 1191 etiam
763 1158 948 1191 intentionis
977 1164 1104 1192 nostrae
1126 1159 1173 1192 vel

425 1210 569 1244 eiusdem
598 1211 697 1251 Sedis,
723 1217 778 1244 aut
810 1212 921 1256 quovis
956 1212 1018 1245 alio
1047 1213 1172 1246 defectu

426 1265 530 1297 notari
549 1265 597 1298 vel
621 1265 820 1309 impugnari,
854 1276 960 1309 neque
992 1266 1086 1299 etiam
1117 1278 1174 1310 per

426 1328 483 1351 005
504 1319 552 1351 vel
577 1329 778 1352 successores
822 1325 949 1352 nostros
973 1325 1027 1353 aut
1055 1320 1172 1353 dictam

425 1371 538 1404 Sedent
556 1372 710 1413 revocari,
732 1372 872 1411 alterari,
891 1373 1054 1416 suspendi,
1073 1373 1173 1406 modi-

425 1425 513 1458 ficari
531 1430 585 1458 aut
600 1426 662 1459 illis
679 1426 711 1459 in
728 1426 836 1469 aliquo
849 1426 996 1470 derogari
1018 1438 1172 1470 umquam

424 1489 528 1523 posse.

467 1535 482 1577 g
501 1534 554 1568 38.
578 1534 707 1579 Sicque,
721 1535 753 1567 in
769 1535 952 1579 praemissis
973 1535 1123 1576 omnibus
1142 1540 1172 1568 ct

423 1588 574 1631 singulis,
587 1599 877 1633 perquoscumque
898 1588 1019 1622 inditos
1036 1593 1066 1622 et
1086 1600 1171 1635 com,-

424 1641 596 1684 missarios,
626 1642 720 1675 etiam
749 1653 919 1675 causarum
946 1642 1055 1675 Palatii
1090 1643 1171 1686 Apo-

423 1695 525 1728 stolici
554 1695 716 1728 auditores
737 1700 766 1728 et
786 1695 886 1740 ipsius
917 1695 1078 1729 Ecclesiae
1107 1696 1170 1729 Ro-

424 1759 536 1782 manae
552 1749 741 1790 caulinalcs,
764 1749 859 1782 01111111
875 1750 996 1792 legatos
1011 1749 1049 1782 de
1060 1750 1169 1791 latere,

423 1802 547 1835 sublata
565 1803 610 1835 015
630 1802 739 1845 quavis
763 1803 855 1835 aliter
878 1802 1041 1835 iudicandi
1067 1808 1096 1835 ct
1121 1803 1169 1836 in-

424 1857 619 1900 terpretandi
644 1857 805 1897 facultate,
832 1856 967 1889 iudicari
988 1862 1018 1889 01
1043 1857 1168 1890 deliniri

423 1910 557 1951 dcbcre3
592 1921 629 1944 ac
655 1910 810 1954 quicquid
835 1921 926 1943 secus
950 1921 1047 1955 super
1074 1911 1124 1944 his
1152 1922 1170 1944 a

422 1975 598 2008 quoquam,
620 1964 729 2007 quavis
746 1964 947 2005 auctoritate,
970 1964 1107 1998 scienter
1121 1966 1168 1999 vel

423 2017 616 2061 ignoranter,
637 2017 783 2051 attentari
799 2018 979 2061 contigerit,
1000 2018 1126 2051 irritum
1138 2024 1169 2052 01

422 2070 516 2105 inane
537 2071 743 2104 decernimus
768 2077 795 2104 01
822 2071 1033 2105 declaramus.

465 2125 480 2168 5
503 2123 556 2158 39.
582 2124 739 2164 Quocirca
761 2124 997 2157 venerabilibus
1018 2125 1168 2158 fratribus

421 2178 538 2211 nostris
558 2178 692 2212 Ostiensi
721 2183 750 2211 et
776 2177 942 2211 Portuensi
979 2189 1016 2211 ac
1049 2179 1168 2212 Tuscu-

420 2231 542 2265 lanensi
566 2232 725 2276 episcopis
756 2242 813 2275 per
845 2231 1020 2275 apostolica
1049 2232 1167 2276 scripta

420 2291 510 2319 motu
543 2285 639 2319 simili
673 2285 864 2319 mandamus
896 2291 1054 2328 quatenus
1090 2286 1166 2329 ipsi,

419 2339 467 2372 vel
479 2339 543 2372 duo
560 2345 615 2372 aut
632 2349 715 2372 unus
731 2349 856 2379 eorum,
877 2349 934 2382 per
949 2349 981 2372 se
1001 2339 1047 2371 vel
1067 2339 1165 2372 alium

420 2402 475 2424 seu
496 2393 586 2433 alios,
606 2398 791 2437 praesentes
809 2392 918 2425 literas
938 2397 968 2425 et.
988 2392 1076 2425 ineis
1094 2404 1167 2425 eou-

420 2450 505 2478 tenta
529 2457 773 2489 quaecumque,
803 2445 856 2478 ubi
884 2451 914 2478 et
939 2445 1067 2489 quando
1085 2456 1166 2489 opus

420 2494 533 2535 suerit,
562 2506 598 2528 ac
622 2495 748 2538 quotics
777 2505 836 2538 pro
861 2500 951 2538 parte
978 2495 1165 2527 corumdem

420 2543 646 2586 magistrorum
662 2544 783 2577 viarum
802 2544 921 2577 suerint
937 2543 1097 2586 requisiti,
1118 2554 1166 2577 so-

419 2593 568 2626 lemniter
584 2593 795 2637 publicantes,
809 2593 928 2637 eisque,
940 2593 972 2625 10
984 2593 1166 2636 praemissis

419 2642 569 2675 omnibus
587 2649 618 2676 et
635 2643 783 2686 singulis,
810 2642 947 2676 efficacis
974 2642 1166 2676 detensionis

418 2691 580 2736 praesidio
599 2692 798 2733 assistentes,
834 2691 951 2725 saciant
978 2691 1165 2725 auctoritate

1022 300 1201 326 BULLARIUM
1220 301 1371 326 ROMANUM

1215 359 1323 388 nostra
1344 355 1613 402 eosdem'viarum
1623 354 1792 400 magistros
1809 355 1964 400 approba-

1217 408 1314 449 tione,
1343 408 1607 450 confirmatione,
1642 409 1864 451 innovatione,
1898 410 1963 443 sin-

1216 461 1299 503 gulis
1324 462 1464 503 statutis,
1491 461 1724 504 voluntatibus,
1752 463 1963 496 ordinationi-

1216 514 1287 556 bus,
1310 515 1558 555 extensionibus,
1584 516 1854 559 ampliationibus‚
1875 528 1964 550 man-

1216 568 1307 609 datis,
1334 569 1525 612 praeceptis,
1548 568 1805 611 inhibitionibus,
1831 570 1963 603 interdi-

1217 621 1293 662 ctis,
1321 621 1599 663 concessionibus,
1635 622 1782 663 indultis,
1811 623 1963 656 commis-

1216 675 1371 717 sionibus,
1390 675 1663 720 deputationibus,
1690 677 1838 718 decretis,
1856 677 1963 710 decla-

1216 728 1406 770 rationibus,
1428 729 1642 771 revocatione,
1660 730 1794 774 aliisque
1811 731 1963 775 praemis-

1216 780 1274 822 sis,
1307 781 1393 815 iuxta
1413 782 1808 826 praesentium<tenorem,
1830 784 1964 828 pacifice

1215 835 1278 868 frui
1294 840 1321 868 et
1344 835 1495 879 gaudere.
1519 836 1588 869 Non
1605 837 1826 880 permittentes
1847 848 1901 871 005
1915 838 1963 870 vel

1215 888 1253 920 ab
1266 888 1311 922 eis
1329 900 1456 922 causam
1471 889 1638 931 habentes,
1660 901 1718 934 per
1735 890 1961 931 camerarium,

1215 943 1431 987 praesidentes
1471 949 1501 977 01
1536 944 1671 978 clericos
1703 945 1862 989 praefatos
1910 951 1965 978 aut

1215 996 1341 1039 quosvis
1358 996 1446 1037 111105,
1463 1008 1667 1041 quacumque
1688 998 1877 1032 auctoritate
1894 999 1965 1032 sun-

1214 1056 1336 1092 gentes,
1359 1056 1470 1084 contra
1489 1051 1664 1095 praemissa
1687 1052 1735 1085 vel
1764 1061 1876 1085 eorum
1905 1051 1963 1085 ali-

1215 1103 1300 1146 quod
1334 1104 1576 1147 quomodolibet
1608 1105 1748 1138 indebite
1781 1105 1962 1147 molestari,

1215 1156 1387 1200 inquietari
1407 1158 1454 1190 vel
1478 1158 1673 1201 perturbari.
1705 1158 1965 1192 Contradictores

1214 1210 1390 1253 quoslibet,
1425 1210 1645 1245 inobedientes
1677 1217 1708 1244 et
1741 1212 1877 1246 rebelles
1906 1223 1965 1256 per

1215 1274 1367 1297 censuras
1383 1270 1413 1297 et
1433 1275 1554 1308 poenas
1573 1265 1806 1299 ecclesiasticas
1843 1277 1880 1299 ac
1900 1265 1963 1299 alia

1214 1317 1293 1350 iuris
1332 1324 1513 1362 opportuna
1547 1319 1689 1352 remedia
1703 1346 1710 1360 ‚
1747 1319 1964 1364 appellatione

1215 1372 1402 1415 postposita,
1423 1374 1674 1417 compescendo,
1702 1373 1847 1407 invocato
1867 1373 1962 1407 etiam

1213 1435 1249 1457 ac
1272 1425 1352 1466 hoc,
1386 1426 1411 1459 si
1439 1437 1521 1470 opus
1551 1427 1662 1468 fucrit,
1693 1427 1811 1461 auxilio
1839 1427 1962 1461 brachii

1213 1479 1396 1512 saecularis.

1256 1533 1270 1576 ἓ
1290 1533 1342 1566 lit).
1372 1533 1441 1567 Non
1465 1535 1665 1568 obstantibus
1689 1535 1898 1579 praemissis,
1926 1546 1963 1569 ac

1213 1592 1299 1619 certa
1318 1598 1376 1630 per
1403 1598 1460 1621 nos
1489 1589 1611 1621 dudum
1642 1594 1730 1622 motu
1758 1589 1854 1622 simili
1879 1588 1963 1623 edita

1212 1650 1309 1684 super
1328 1651 1507 1685 poenarum
1527 1653 1586 1686 per
1605 1643 1757 1683 clusores,
1778 1643 1834 1687 qui
1864 1643 1962 1677 sabri-

1212 1704 1264 1726 eas
1284 1694 1474 1738 praemissas
1493 1706 1558 1728 non
1579 1697 1724 1729 fecerunt
1744 1706 1804 1730 nec
1827 1696 1960 1739 faciunt,

1211 1747 1414 1781 incursat-um
1444 1749 1651 1792 ampliatione
1665 1777 1672 1790 ‚
1695 1750 1898 1794 impressioni
1921 1751 1961 1784 li-

1210 1802 1343 1834 brorum
1361 1802 1398 1835 de
1418 1803 1530 1836 ordine
1550 1809 1659 1837 nostro
1680 1815 1697 1836 a
1718 1804 1841 1837 civitate
1863 1805 1962 1838 Vene-

1211 1855 1329 1888 tiarum
1367 1857 1405 1889 ad
1440 1856 1557 1890 Urbem
1589 1858 1754 1891 traductae
1785 1859 1866 1891 sacta
1898 1858 1961 1892 sive

1210 1919 1372 1951 concessa,
1395 1922 1502 1953 quam,
1515 1916 1625 1945 tenore
1635 1912 1864 1955 praesentium,
1883 1923 1960 1956 quo-

1209 1964 1248 1996 ad
1259 1964 1444 2007 praemissa,
1457 1965 1589 1998 omnino
1605 1976 1805 2006 revocamus3
1818 1977 1855 1999 ac
1865 1965 1960 1999 etiam

1209 2022 1317 2050 nostra
1349 2018 1388 2051 dc
1421 2028 1485 2051 non
1515 2018 1657 2051 tollendo
1689 2019 1759 2052 iure
1792 2019 1958 2063 quaesito;

1209 2080 1335 2103 necnon
1362 2071 1551 2105 recolendae
1579 2072 1754 2106 memoriae
1787 2072 1878 2106 Pauli
1912 2083 1959 2106 se-

1209 2124 1305 2157 cundi
1326 2130 1355 2157 ct
1376 2125 1580 2169 Pauliquarti
1600 2125 1639 2159 110
1655 2126 1751 2159 rebus
1766 2126 1958 2159 ceclesiasti—

1209 2178 1254 2211 cis
1273 2189 1337 2211 1100
1359 2179 1545 2220 alienandis,
1559 2190 1595 2212 ac
1615 2179 1959 2224 alienatisrecuperan-

1208 2231 1266 2270 dis;
1290 2243 1415 2265 necnon
1435 2233 1818 2274 Bonifaciioctavi‚etiam
1840 2234 1956 2267 Roma-

1208 2296 1323 2318 norum
1334 2286 1524 2319 Pontificum
1540 2287 1823 2331 praedecessorum
1833 2292 1956 2320 nostro-

1208 2350 1293 2379 rum,
1319 2340 1357 2373 de
1374 2350 1438 2372 una
1455 2345 1486 2373 01
1497 2341 1621 2373 duabus
1637 2341 1760 2381 diaetis,
1781 2340 1956 2374 dummodo

1208 2386 1291 2426 ult’ra
1308 2400 1370 2427 tres
1382 2395 1500 2427 diaetas
1519 2395 1634 2438 aliquis
1653 2394 1840 2428 auctoritate
1860 2405 1955 2439 prae-

1208 2447 1392 2479 sentiumad
1405 2447 1560 2481 iudicium
1577 2459 1641 2481 non
1654 2449 1809 2489 trahatur;
1827 2458 1954 2481 necnon

1207 2495 1276 2528 aliis
1287 2496 1450 2538 quibusvis
1461 2497 1643 2540 apostolicis
1651 2508 1687 2530 ac
1696 2497 1727 2529 in
1738 2496 1952 2540 generalibus,

1208 2544 1455 2587 provincialibus
1465 2551 1494 2578 et
1514 2545 1718 2590 synodalibus
1730 2545 1874 2579 conciliis
1889 2545 1954 2579 edi-

1208 2593 1245 2625 tis
1265 2599 1295 2626 et
1315 2594 1445 2627 edendis
1472 2594 1753 2628 constitutionibus
1777 2600 1807 2627 et
1828 2595 1954 2628 ordina-

1208 2642 1360 2683 tionibus3
1381 2655 1418 2676 ac
1438 2644 1530 2676 Urbis
1550 2649 1580 2676 et
1604 2643 1716 2676 Curiae
1736 2643 1897 2676 Romanae
1917 2655 1953 2677 ae

1207 2691 1360 2726 Gamerae
1380 2693 1579 2736 Apostolicae
1608 2692 1815 2736 eiusdemque
1839 2692 1953 2727 Curiae

1978 298 2028 330 An.
2045 302 2074 329 c.
2094 295 2160 330 111011

2002 1540 2111 1563 Clausulas
2121 1542 2160 1563 de-

1976 1575 2094 1599 rogaturi-s
2109 1574 2160 1594 tub-

1975 1605 2028 1627 iicit.
