2237 3100
261 317 310 343 An.
327 318 356 344 C.
374 317 438 345 1567

327 538 439 559 [levor-2110

259 570 434 595 indulgentiarum

257 602 376 621 continent,
407 600 439 620 la-

258 632 356 652 cultatem
378 637 439 658 quar-

257 663 348 687 «tuandh
365 665 386 682 et
402 668 438 687 pro

258 693 331 720 quibus
360 698 438 712 conse-

258 724 346 750 quendis
369 724 438 750 porri-

258 755 336 779 aendae

257 792 329 806 manus
353 786 439 806 adiutri-

391 757 439 773 sssflss

498 307 562 342 536

1047 314 1223 339 BULLARIUM
1248 314 1397 338 ROMANUM

455 372 730 415 perturbationem
752 376 779 403 et
795 370 918 413 piarum
938 368 1091 400 mentium
1110 378 1202 400 scan-
1246 377 1365 406 samus,
1385 367 1548 399 irritanms
1569 373 1594 400 et
1621 368 1837 410 annullamus,
1861 381 1897 401 ac
1919 368 1989 400 viri-

455 425 575 460 dalum,
603 429 819 467 praesumant.

498 479 512 521 ἓ
532 478 562 510 2.
577 479 638 511 Nos
658 477 725 520 qni,
738 477 802 509 Dco
816 476 966 520 propitio,
983 475 1088 518 gregis
1103 475 1203 507 domi-

455 532 529 571 nici,
554 531 674 563 meritis
694 531 767 563 licet
788 529 1069 565 insufficientibus,
1092 540 1201 561 curam

453 585 603 627 gerinuis„
617 589 644 616 ct
667 584 756 615 illum
773 582 949 626 spiritualis
964 582 1105 615 thesauri
1122 583 1203 615 elar-

453 638 571 681 gitione
587 637 737 681 cupimus
752 636 812 681 ipsi
828 637 891 669 Deo
908 637 1041 669 reddere
1058 641 1202 680 accepta-

454 691 562 731 bilem,
586 702 622 723 ex
644 691 827 734 praemissis
856 696 883 723 et
906 691 976 723 aliis
1004 690 1203 723 rationabili-

453 745 512 777 bus
532 744 636 777 causis
656 745 800 777 animuin
822 750 967 777 nostrum
989 744 1201 783 moventibus,

454 797 554 831 felicis
587 797 817 831 recordationis
845 796 964 831 Callisti
990 797 1106 840 quarti,
1133 797 1202 830 Cle-

454 851 568 884 mentis
588 851 650 891 Vll,
674 851 762 883 Pauli
784 851 834 891 Ill,
858 851 930 883 Iulii
950 851 1097 883 similiter
1117 852 1153 883 111
1175 857 1203 883 et

453 905 652 938 diversorum
673 905 810 938 aliorum
837 905 1054 938 Romanorum
1077 905 1203 938 Pontifi-

454 970 527 991 cum
549 959 835 1002 praedecessorum
860 964 1045 991 nostrorum
1067 959 1204 1001 vestigiis

454 1012 667 1052 inhaerentes,
691 1018 778 1045 motu
801 1013 944 1056 proprio,
969 1023 1031 1045 non
1048 1013 1087 1045 ad
1102 1013 1203 1045 alicu—

455 1066 503 1098 ius
524 1066 616 1099 nobis
636 1077 734 1110 super
755 1067 815 1099 boc
836 1066 960 1099 oblatae
983 1066 1143 1109 petitionis
1160 1067 1204 1099 in-

455 1120 615 1161 stantiam,
639 1120 692 1153 sed
722 1121 760 1153 sle
791 1131 878 1152 incra
904 1124 1010 1152 nostra
1044 1120 1203 1153 voluntate

455 1178 486 1206 et
504 1173 748 1213 deliberatione,
771 1184 884 1207 omnes
899 1179 927 1206 et
944 1174 1086 1217 singulas
1102 1174 1205 1207 indul-

455 1227 588 1271 gentias,
616 1227 710 1260 etiam
742 1232 925 1271 perpetuas,
947 1233 973 1260 et
998 1233 1203 1270 peccatorum

456 1281 660 1315 remissiones
688 1281 828 1313 fabricae
854 1286 884 1313 et
904 1281 1057 1314 ecclesiae
1092 1281 1204 1314 liuius-

455 1335 553 1375 inodi,
587 1345 711 1368 necnon
743 1334 848 1367 Sancti
875 1334 1002 1367 loannis
1022 1335 1204 1379 Hierosoly-

454 1388 577 1429 mitani,
596 1389 691 1422 etiam
712 1399 771 1432 pro
800 1389 1039 1424 constructione
1068 1394 1097 1421 et.
1117 1390 1203 1422 aedi-

454 1443 601 1476 ficatione
629 1442 714 1475 illius
742 1453 840 1474 novae
866 1442 999 1474 civitatis
1020 1442 1202 1486 praedictis,

453 1502 483 1529 et.
502 1496 667 1540 quibusvis
686 1496 757 1528 aliis
781 1496 1011 1538 hospitalibus,
1044 1502 1203 1529 monaste-

454 1550 520 1592 riis,
543 1549 698 1589 ecclesiis,
721 1549 881 1589 domibus,
906 1549 1046 1588 militiis,
1077 1550 1203 1583 Ordini-

454 1606 524 1644 bus,
547 1604 641 1637 etiam
663 1603 922 1643 lllendicantium,
945 1604 1203 1646 congregationi—

454 1659 524 1697 bus,
551 1657 866 1691 confraternitatibus
892 1662 917 1690 et
947 1657 1206 1690 universitatibus

452 1718 483 1745 et
503 1712 563 1755 piis
583 1712 674 1751 locis,
698 1711 893 1753 illorumque
909 1710 1093 1751 Ordinibus,
1117 1712 1205 1756 capi-

453 1765 528 1798 tulis
548 1771 578 1798 ct
602 1764 824 1804 conventibus,
858 1765 1029 1807 magistris,
1061 1766 1205 1809 superio—

454 1819 542 1852 ribus
562 1824 593 1852 et
611 1824 676 1852 tam
698 1818 917 1851 saecularibus
937 1830 1033 1861 quam
1051 1830 1205 1862 quornm-

454 1873 507 1912 vis,
520 1872 613 1906 etiam
627 1872 886 1913 lllendicantium,
903 1872 1059 1905 Ordinum
1076 1875 1205 1916 regula-

454 1927 543 1960 ribus
576 1926 733 1970 personis,
772 1932 833 1958 lain
868 1926 1075 1968 singulariter
1108 1939 1203 1970 quam

455 1980 687 2019 universaliter,
711 1991 767 2023 per
794 1990 1019 2023 quoscumque
1044 1981 1206 2014 Romanos

453 2034 624 2068 Pontifices
643 2033 897 2077 praedecessores
909 2040 1047 2073 nostros,
1061 2045 1097 2067 ac
1110 2035 1204 2067 etiam

453 2099 528 2128 nos,
547 2088 606 2121 sub
623 2087 883 2131 quibuscumque
904 2087 1070 2120 tenoribus
1090 2094 1117 2119 et
1141 2089 1205 2120 for-

454 2141 526 2182 mis,
548 2152 585 2174 ac
606 2152 679 2174 cum
696 2140 860 2184 quibusvis
872 2141 1071 2174 clausulis'et
1094 2142 1205 2175 decre-

454 2195 503 2235 tis,
527 2195 620 2229 etiam
643 2200 731 2228 motu
753 2194 885 2239 proprio
903 2200 933 2227 et
949 2206 985 2227 cx
1002 2200 1087 2228 certa
1102 2196 1205 2228 scien-

454 2249 508 2290 tia,
531 2260 567 2282 ac
587 2260 623 2282 ex
643 2249 819 2292 quibusvis,
842 2248 936 2281 etiam
959 2249 1203 2290 urgentissimis,

454 2303 569 2343 causis,
593 2303 686 2336 etiam
708 2313 804 2335 causa
824 2302 1055 2346 redemptionis
1071 2303 1206 2346 captivo-

456 2368 527 2390 rum
548 2362 578 2390 et
597 2356 675 2389 alias
694 2356 937 2400 quomodolibet
957 2357 1129 2397 concessis,
1150 2368 1206 2400 pro

456 2410 574 2453 quibus
603 2410 839 2453 consequendis
859 2420 973 2442 manus
993 2416 1063 2442 sunt
1100 2411 1206 2454 porri-

452 2460 576 2505 'gendac
607 2464 800 2503 adiutrices,
829 2469 860 2496 et
879 2474 960 2507 quae
995 2464 1206 2506 quaestuandi

458 2517 641 2550 facultatem
662 2517 905 2560 quomodolibet
925 2517 1102 2555 continent,
1136 2518 1206 2550 illa-

459 2577 531 2598 rum
552 2566 697 2598 omnium
718 2571 857 2606 tenores,
880 2566 1010 2602 forinas,
1025 2566 1206 2609 derogatio-

458 2626 514 2648 nes
538 2620 569 2647 et
588 2615 714 2648 decreta
736 2615 958 2659 praesentibus
978 2626 1035 2658 pro
1052 2617 1208 2659 expressis

458 2664 623 2703 habentes,
660 2664 848 2697 auctoritate
875 2664 1061 2708 apostolica,
1098 2669 1207 2698 tenore

458 2712 689 2758 praesentium,
720 2719 876 2757 perpetuo
911 2723 1109 2753 revocamus,
1140 2724 1208 2746 cas·

1245 420 1306 452 bus
1325 431 1508 452 vacuamus.

1290 473 1355 516 §3
1379 473 1413 506 Et
1436 473 1568 516 insuper
1604 478 1756 516 perpetuo
1792 475 1850 507 liae
1884 480 1991 507 nostra
2021 481 2136 515 iu-uiniuao
2154 481 2190 501 ‹u›-

2024 512 2094 531 utandi
2124 517 2188 537 quae-

2021 546 2086 567 tores,
2105 546 2139 562 aut
2162 542 2191 562 la=

2008 574 2078 594 ciendi
2092 576 2190 600 quaesta-

1246 526 1381 559 valitura
1415 527 1643 560 constitutione
1672 527 1876 560 decernimus
1905 518 2019 572 quodi)

1246 590 1281 612 ex
1304 591 1389 613 nunc
1410 581 1448 612 (le
1469 585 1588 619 cetero,
1608 581 1665 613 sub
1688 581 1914 623 indignationis
1934 592 1992 614 no-

1247 688 1432 720 sacultatum
1476 699 1533 731 per
1570 699 1792 731 quoscmmpie
1835 689 1994 721 Romanos

1246 741 1416 774 Pontifices
1436 743 1698 785 praedecessores
1725 748 1849 775 nostros
1875 753 1912 775 ac
1937 752 1994 775 nos

1246 800 1272 827 et
1296 795 1409 828 Sedent
1424 795 1651 838 Apostolicam,
1666 796 1760 829 etiam
1779 802 1866 829 motu
1885 795 1992 835 simili,

1246 860 1281 880 ac
1303 848 1392 882 Sedis
1412 850 1613 892 ,apostolicae
1634 850 1754 889 legatos
1774 855 1804 882 et
1819 849 1897 882 alias
1917 860 1994 893 quo-

1246 903 1417 936 modolibet
1442 914 1684 942 concessarum,
1713 910 1743 937 et
1763 915 1843 947 quas
1867 916 1883 936 a
1904 903 1996 937 nobis

1246 962 1276 988 vt
1296 957 1375 990 Sede
1397 957 1560 1000 praedicta
1581 958 1612 989 in
1635 962 1797 1001 posterum
1826 958 1933 998 verbo,
1956 957 1994 990 li-

1248 1010 1322 1042 teris
1342 1016 1397 1043 aut
1416 1011 1527 1054 quavis
1547 1011 1607 1043 alia
1629 1011 1799 1055 scriptura,
1813 1012 1909 1044 etiam
1926 1022 1994 1045 ma—

1246 1075 1287 1096 nn
1316 1070 1423 1097 nostra
1451 1064 1592 1107 signata,
1629 1065 1722 1097 etiam
1750 1076 1823 1098 cuni
1851 1065 1994 1099 clausula

1246 1118 1331 1161 quod
1346 1118 1412 1150 sola
1428 1118 1590 1160 signatura
1601 1118 1746 1157 sutticiat,
1763 1119 1857 1151 etiam
1870 1119 1902 1152 in
1915 1120 1996 1152 savo-

1248 1182 1313 1204 rem
1333 1171 1404 1204 lidei
1421 1177 1473 1203 aut
1491 1171 1657 1204 Cruciatae
1678 1172 1811 1205 Sanctae
1827 1173 1874 1206 vel
1891 1173 1996 1206 ‹atius-

1248 1236 1387 1268 cmnque
1399 1225 1531 1258 alterius
1552 1225 1620 1269 piati·
1642 1237 1768 1266 causae,
1789 1227 1885 1259 etiam
1901 1227 1997 1271 privi-

1248 1279 1391 1320 legiatae,
1402 1279 1535 1312 concedi
1556 1280 1798 1322 quomodolibet
1812 1280 1994 1323 contigerit,

1247 1333 1365 1370 nullus,
1377 1333 1497 1375 quavis,
1513 1333 1606 1366 etiam
1629 1333 1817 1376 episcopali,
1835 1333 1994 1378 archiepi—
2021 1356 2024 1358 -

1247 1386 1366 1429 scopali
1387 1391 1417 1419 et
1438 1387 1644 1430 patriarchali
1675 1392 1730 1419 aut
1750 1387 1864 1420 maiori
1891 1387 1995 1431 digni-

1248 1445 1321 1479 tate,
1335 1440 1429 1472 etiam
1452 1440 1816 1480 cardinalatushonore,
1830 1452 1885 1474 seu
1902 1441 1995 1475 etiam

1249 1492 1343 1534 regali
1365 1493 1409 1525 vel
1440 1494 1607 1537 temporali
1638 1494 1825 1527 excellentia
1854 1495 1996 1539 praesul-

1246 1552 1328 1589 geat,
1355 1547 1467 1579 audeat
1500 1548 1544 1579 vel
1576 1552 1760 1590 praesumat
1783 1553 1931 1592 quaestas
1950 1548 1996 1582 fa-

1247 1611 1336 1638 cere,
1359 1605 1409 1633 aut
1433 1600 1589 1641 imncios,
1619 1606 1822 1644 quaestores,
1845 1603 1997 1636 commis-

1247 1655 1358 1693 sarios,
1383 1655 1610 1695 thesaurarios,
1644 1661 1826 1698 receptores
1851 1667 1908 1700 pro
1936 1656 1998 1689 illis

1247 1708 1439 1751 recipiendis
1460 1709 1490 1741 in
1511 1709 1603 1741 dictis
1631 1709 1865 1752 hospitalibus,
1894 1711 1997 1744 eccle-

1247 1761 1312 1802 siis,
1335 1762 1495 1801 domibus,
1516 1763 1727 1803 monasteriis,
1745 1763 1866 1796 militiis
1882 1769 1912 1797 et
1928 1764 1998 1797 aliis

1247 1816 1528 1859 supranominatis,
1563 1817 1609 1849 vel
1641 1827 1698 1860 pro
1724 1817 1769 1850 eis
1788 1823 1843 1850 aut
1867 1818 1996 1851 illorum

1248 1870 1433 1903 nominibus
1463 1871 1537 1903 alibi
1562 1870 1757 1904 constituere
1778 1877 1808 1904 et
1828 1872 1996 1915 deputare,

1249 1924 1307 1956 nisi
1328 1925 1366 1956 de
1387 1924 1515 1968 speciali
1537 1924 1664 1957 licentia
1686 1930 1713 1957 ct
1736 1936 1772 1957 ex
1793 1931 1878 1958 certa
1895 1926 1997 1958 scien-

1249 1978 1288 2010 tia
1309 1978 1424 2010 nostris
1444 1983 1470 2010 et
1499 1978 1632 2010 Romani
1654 1977 1816 2010 Pontificis
1841 1989 1899 2022 pro
1920 1984 1999 2011 tcm-

1248 2042 1325 2075 pore
1347 2031 1519 2071 existentis,
1537 2032 1575 2063 de
1596 2042 1658 2074 qua
1675 2042 1733 2075 por
1752 2032 1859 2065 literas
1875 2037 1999 2066 nostras

1248 2092 1273 2118 et
1298 2085 1440 2118 eiusdem
1453 2085 1585 2117 Romani
1607 2085 1769 2118 Pontilicis
1780 2097 1838 2129 pro
1855 2092 1998 2130 tempore

1248 2139 1420 2177 existentis,
1443 2140 1590 2172 locorum
1611 2139 1783 2172 ordinariis
1810 2141 1857 2173 vel
1886 2151 1998 2173 eorum

1247 2194 1278 2226 in
1308 2194 1527 2237 spiritualibus
1561 2193 1686 2226 vicariis
1719 2205 1773 2227 seu
1795 2194 1997 2234 officialibus,

1248 2247 1487 2291 derogationem
1508 2247 1683 2291 praesentis
1704 2252 1829 2280 nostrae
1848 2247 1999 2281 constitu—

1248 2301 1354 2341 tionis,
1377 2302 1463 2334 illius
1481 2307 1589 2335 tenore
1610 2302 1648 2334 dc
1678 2302 1773 2334 verbo
1803 2302 1841 2334 ad
1866 2302 1998 2334 verbum

1249 2355 1379 2397 inserto,
1394 2366 1541 2399 expresse
1563 2355 1775 2389 continentes:

1292 2410 1306 2452 ξ
1326 2409 1357 2442 4.
1381 2409 1456 2449 (Nos
1476 2409 1561 2441 enim
1583 2419 1620 2441 ex
1641 2419 1727 2441 nunc
1744 2409 1869 2441 irritum
1887 2408 2000 2441 decer-

1249 2528 1266 2549 a
1278 2527 1453 2560 quoquam,
1466 2516 1576 2560 quavis
1592 2516 1792 2556 auctoritate,
1801 2514 1938 2548 scienter
1952 2516 2000 2548 vel

1250 2565 1443 2608 ignoranter,
1466 2565 1632 2608 contigerit
1665 2564 1828 2601 attentari)
1853 2570 2000 2598 constare

1249 2614 1375 2647 debeat.

1294 2664 1309 2706 5
1329 2663 1360 2695 5.
1384 2663 1579 2702 Mandautcs,
1598 2663 1629 2695 111
1646 2662 1760 2694 virtute
1780 2666 1907 2693 sanctae
1923 2660 2000 2694 obe-

2009 314 2057 339 An.
2074 313 2104 340 C.
2125 312 2189 339 ¹567

2009 606 2049 625 nisi
2066 606 2091 625 de
2104 610 2113 625 S
2130 604 2191 625 aetati

1246 640 1327 666 strae
1349 645 1464 678 poena,
1489 640 1651 678 praetextu
1674 635 1947 677 iiululgentiarum
1964 641 1994 667 et
2010 637 2096 657 'leffium
2114 611 2189 662 ’Ἅμα

2042 2426 2153 2448 neonium
2169 2426 2197 2446 ir?

1249 2462 1355 2495 nimus
1379 2468 1406 2495 et
1430 2463 1525 2495 inane
1546 2462 1698 2505 quicquid
1721 2472 1812 2495 secus
1832 2472 1930 2504 super
1952 2461 2001 2494 his
2015 2460 2089 2481 ‘³²²¹¹⁵'·

2060 2675 2198 2697 Exocutorum

1250 2711 1556 2752 (lientiae‚01nnibus
1571 2717 1601 2745 et
1616 2710 1749 2754 singulis
1764 2710 2000 2744 venerabilibus
2016 2707 2132 2734 ⁶⁸⁰¹¹¹⁸²³⁰·
