2237 3100
44 262 92 290 Aa.
109 261 139 289 C.
158 261 224 290 ¹562

63 854 140 876 ludit-is
151 854 221 876 Turris

37 886 110 907 Nonae
133 887 222 907 iurisdi—

37 918 86 939 ctio.

88 1067 221 1089 Notariorum

44 1101 101 1127 psius
117 1103 170 1121 taxa.

63 1446 175 1467 Cui-sorum
185 1445 222 1467 Pa„

37 1483 77 1505 pne
87 1481 134 1498 taxa
143 1484 180 1504 pro
191 1478 222 1499 ci-

38 1509 160 1535 tationibus,
176 1512 213 1530 etc.

924 260 991 284 Plt's
1011 260 1041 284 lv
1059 259 1106 283 PP.

239 322 332 354 xam,
354 312 510 352 aliorum,
533 312 587 356 qui
614 312 701 346 illam
727 312 920 353 habuerint,
944 323 993 345 se-

238 371 381 409 quantur
400 372 431 399 et
451 366 630 399 secundum
652 366 738 399 illam
755 366 892 409 exigant.

282 420 296 463 ξ
317 419 369 453 75.
398 420 580 452 Assessores
604 426 712 453 autem
733 420 893 453 dictorum
915 431 993 453 con-

40 478 223 536 qufssffifflss'sss
239 473 345 506 sulum
367 484 403 506 ac
423 473 562 506 aliorum
588 473 774 506 officialium
795 474 909 506 Curiae
935 473 993 506 Ca-

238 526 341 570 pitolii
363 526 515 559 salarium
537 518 604 559 noli
624 527 778 559 habentes
802 532 934 560 caveant
955 538 993 560 ne

236 579 269 612 in
303 579 408 612 causis
437 579 598 620 minimis,
620 580 766 613 videlicet
799 592 816 612 a
850 580 993 624 quinque

237 632 439 672 seutisinfra,
457 633 635 677 quidquam
658 644 716 677 pro
737 644 850 667 eorum
871 639 943 667 voto
964 640 993 667 et

236 686 391 727 consilio,
415 692 446 719 et
465 686 497 718 in
523 687 593 719 aliis
626 698 690 719 non
721 688 804 720 ultra
834 689 994 732 sportulas

236 740 328 773 dictis
347 740 472 773 statutis
492 746 612 773 taxatas
634 741 826 784 percipiant.

280 793 295 836 g
313 793 364 827 76.
388 794 485 827 Iudex
501 794 611 826 Turris
631 794 739 827 Nonae
759 805 824 827 non
846 805 877 827 se
898 794 995 827 intro-

237 846 339 880 mittat
372 847 404 880 in
438 847 543 880 causis
572 859 589 880 a
618 848 729 880 decem
756 848 854 881 scutis
874 860 991 892 supra,

236 911 296 934 nec
329 900 361 932 in
392 900 635 941 criminalibus,
658 901 718 933 nisi
739 901 862 934 levibus
883 907 911 934 et
934 902 994 934 mi-

236 952 344 987 nimis.

280 1007 367 1050 577.
395 1007 536 1051 Eiusque
563 1008 707 1040 notarius
727 1008 872 1041 observet
902 1009 994 1042 tabu·

236 1061 299 1093 lam
320 1061 522 1094 notariorum
543 1061 657 1093 Curiae
678 1061 716 1094 de
738 1061 883 1101 Sabellis,
903 1062 996 1095 cuius

235 1113 415 1147 notariatus
435 1113 578 1147 officium
599 1125 657 1157 per
672 1113 795 1147 obitum
815 1115 894 1147 illud
907 1126 994 1149 nunc

236 1166 409 1199 obtinentis
438 1167 613 1200 extinctum
649 1167 688 1199 sit
721 1173 752 1200 et
784 1179 993 1212 suppressum

236 1230 304 1253 esse
325 1226 507 1261 censeatur,
529 1226 627 1264 prout
642 1220 674 1253 in
696 1227 845 1254 eventum
866 1222 994 1265 praedi-

235 1277 323 1306 ctum
344 1272 424 1306 illud
449 1284 486 1307 ex
510 1284 598 1306 nunc
625 1279 719 1317 prout
752 1285 789 1307 ex
818 1280 896 1308 tunc
917 1286 993 1319 sup-

238 1337 421 1370 primimus.

279 1380 294 1423 ἓ
314 1379 367 1413 78.
395 1380 550 1413 Cursores
579 1381 679 1415 nostri
703 1393 762 1425 pro
788 1381 931 1426 qualibet
952 1382 996 1415 ci-

235 1432 367 1474 tatione,
389 1433 582 1467 inhibitione
602 1436 650 1468 vel
666 1435 776 1479 quavis
791 1435 853 1468 alia
870 1434 995 1468 intima-

235 1486 324 1520 tione
349 1486 522 1520 cuiuslibet
546 1494 637 1521 actus
661 1488 821 1522 iudiciarii
841 1499 907 1521 non
928 1489 993 1522 exi-

236 1545 312 1583 gant
344 1541 428 1573 ultra
457 1541 649 1575 bolendinos
669 1543 761 1588 duos,
780 1541 840 1575 nisi
860 1543 993 1575 forsitan

236 1594 382 1627 executio
403 1593 562 1628 citationis
581 1596 629 1628 vel
650 1596 783 1629 alterius
803 1602 894 1629 actus
914 1596 994 1629 iudi-

235 1646 326 1680 ciarii
358 1647 546 1682 huiusmodi
566 1649 712 1682 facienda
740 1656 822 1683 esset
856 1650 888 1682 in
923 1650 994 1683 loco

235 1701 310 1734 satis
337 1701 474 1735 distante
510 1714 526 1736 a
557 1703 773 1737 tribunalibus
792 1704 902 1744 Urbis,
926 1715 993 1748 quo

236 1765 312 1789 casu
343 1758 469 1800 exigere
494 1758 617 1802 possint.
641 1759 833 1792 bolendinos
853 1764 994 1803 quatuor

236 1815 267 1845 et
293 1821 359 1844 non
390 1812 495 1852 ultra;
518 1816 549 1845 et
573 1813 645 1845 loca
674 1812 898 1856 intelligantur
923 1824 991 1846 esse

236 1865 397 1907 distantia,
420 1865 444 1898 si
465 1865 611 1899 executio
637 1866 676 1899 sit
700 1867 846 1900 facienda
876 1868 908 1900 in
943 1879 993 1901 re-

234 1920 328 1964 gione
348 1919 606 1964 Transtyberim‚
630 1921 804 1962 Montium,
836 1921 932 1954 Trivii
962 1927 993 1954 et

234 1986 336 2020 prope
357 1974 525 2009 ecclesiam
542 1975 655 2007 Beatae
667 1974 783 2008 Mariae
800 1976 838 2008 de
853 1976 990 2020 Populo;

234 2034 265 2063 et
289 2029 314 2062 si
334 2034 422 2062 extra
442 2028 570 2062 moenia
590 2029 703 2069 Urbis,
726 2029 758 2061 in
780 2028 866 2061 illius
886 2034 991 2062 tamen

235 2083 410 2123 suburbiis,
428 2093 493 2116 non
514 2084 599 2116 ultra
616 2084 782 2116 carlenum
799 2094 913 2116 unum,
931 2084 993 2117 Pro

234 2137 385 2171 citatione
404 2147 492 2177 vero,
514 2136 706 2170 inhibitione
726 2137 774 2170 vel
790 2136 992 2171 intimatione

235 2191 333 2225 simili
366 2196 479 2224 contra
513 2190 683 2235 episcopos
707 2195 738 2223 et
771 2190 931 2233 praelatos
955 2202 992 2224 ac

233 2246 311 2279 alias
336 2256 490 2290 personas
514 2245 716 2288 qualificatas
749 2249 779 2277 et
803 2251 992 2288 procurato-

234 2310 302 2334 rem
328 2298 397 2332 fisci
422 2298 583 2338 facienda,
607 2308 671 2331 non
692 2298 777 2331 ultra
799 2297 992 2332 bolendinos

233 2353 390 2398 quinque.
413 2353 474 2385 Pro
496 2351 737 2384 subhastatione
757 2362 992 2394 quorumcum-

233 2417 296 2451 que
317 2407 510 2450 pignorum,
533 2411 597 2438 tam
618 2405 789 2438 mobilium
810 2416 908 2448 quam
929 2406 990 2439 im—

233 2456 416 2497 mobilium,
439 2456 565 2498 exigant
585 2454 744 2494 similiter,
767 2459 864 2498 prout
882 2455 991 2488 hacte-

232 2516 294 2540 nus
327 2505 454 2549 exigere
488 2510 736 2537 consueverunt.
776 2503 840 2536 Nec
875 2503 990 2547 aliquis

232 2554 391 2598 ipsorum,
414 2565 473 2598 pro
494 2564 528 2586 ea
548 2552 761 2593 intimatione,
775 2552 808 2584 in
828 2563 892 2596 qua
906 2554 989 2597 parti

232 2603 401 2638 intimatur
420 2603 608 2636 mandatum
618 2612 778 2646 procurae
790 2612 857 2635 esse
868 2602 901 2634 in
911 2603 990 2635 actis

233 2652 440 2697 productum,
460 2652 509 2685 vel
525 2656 754 2695 procuratores
765 2650 798 2684 in
813 2661 910 2685 causa
920 2662 989 2685 esse

1035 316 1220 351 revocatos,
1243 310 1327 342 ultra
1351 307 1467 341 iulium
1498 317 1599 339 unum
1628 307 1793 350 percipere

1036 365 1162 398 audeat.
1186 363 1289 396 Minus
1309 361 1452 395 officium
1474 360 1619 404 ipsorum
1641 361 1793 403 cuiqnam

1036 417 1195 461 impartiri
1224 416 1334 449 dolose
1370 419 1521 447 recusent
1546 425 1602 446 seu
1632 413 1791 446 differant.

1036 473 1099 505 Nec
1121 472 1214 505 etiam
1237 471 1296 503 sub
1317 474 1484 514 praetextu
1502 469 1647 501 modicae
1669 478 1794 501 merce-

1036 525 1084 557 dis
1104 526 1151 558 vel
1176 525 1216 557 ob
1242 523 1272 556 id
1298 523 1385 567 quod
1406 522 1561 555 maiorem
1592 521 1711 554 habere
1729 521 1794 553 vel-

1037 579 1111 611 lent.
1137 579 1172 610 Et
1192 578 1267 620 quia
1289 577 1327 609 de
1348 581 1455 609 cetero
1477 576 1509 608 in
1528 575 1633 608 causis
1649 580 1694 607 tot
1711 586 1796 608 com-

1037 631 1215 671 missiones,
1237 636 1316 674 quot
1335 631 1492 662 hactenus
1512 629 1581 661 ficri
1607 629 1769 662 consuevit
1786 658 1792 669 ,

1038 695 1096 727 pro
1130 684 1360 717 reformatione
1393 683 1576 726 signaturae
1608 688 1735 716 nostrae
1757 684 1795 716 de

1037 737 1184 781 proximo
1203 737 1397 780 publicanda
1408 737 1478 769 fieri
1497 736 1722 780 prohibemus,
1736 747 1794 781 pro

1038 791 1141 834 prima
1172 790 1420 831 commissione,
1451 801 1509 834 per
1542 801 1639 833 quam
1675 790 1797 824 scilicet.

1037 855 1133 876 causa
1155 854 1264 876 coram
1290 843 1398 886 aliquo
1426 843 1531 876 iudice
1561 843 1794 884 introducitur,

1038 897 1164 940 exigant
1179 898 1370 930 bolendinos
1386 897 1633 940 quinquaginta3
1652 909 1710 941 pro
1727 897 1797 930 aliis

1037 962 1123 989 vero,
1143 951 1166 982 si
1184 962 1266 994 quae
1287 950 1320 982 in
1342 961 1437 983 causa
1459 950 1712 994 supervenerint,
1729 962 1797 984 car-

1038 1005 1128 1037 lenos
1148 1004 1229 1036 duos
1245 1003 1474 1037 Cancellariae.
1499 1004 1532 1035 ln
1545 1003 1678 1047 reliquis
1689 1008 1797 1038 autem

1039 1058 1205 1090 observent
1233 1057 1265 1089 in
1291 1057 1443 1089 omnibus
1463 1062 1494 1089 et
1514 1068 1572 1101 per
1592 1057 1700 1089 onmia
1721 1069 1797 1090 nor-

1039 1121 1124 1142 mam
1145 1110 1190 1142 eis
1210 1121 1227 1142 a
1248 1110 1386 1143 concilio
1407 1110 1613 1143 Lateranensi
1633 1110 1795 1151 traditam,

1038 1174 1098 1196 nec
1132 1163 1316 1207 praemissis
1354 1163 1386 1196 in
1425 1163 1534 1207 aliquo
1573 1164 1795 1197 contravenire

1038 1222 1259 1260 praesumant,
1283 1217 1341 1249 sub
1362 1227 1466 1261 poena
1487 1217 1795 1250 excommunicatio-

1038 1269 1087 1302 nis
1097 1270 1178 1302 latae
1196 1269 1363 1303 sententiae
1374 1275 1402 1302 et
1416 1269 1603 1314 privationis
1612 1270 1794 1303 officiorum

1038 1333 1075 1355 eo
1097 1322 1167 1366 ipso
1184 1323 1392 1356 incurrenda.

1081 1377 1095 1419 g
1112 1376 1164 1409 70.
1189 1377 1375 1409 Mandatarii
1392 1386 1675 1421 quarumcumque
1692 1377 1797 1410 curia-

1037 1440 1109 1462 rum
1131 1441 1195 1463 non
1217 1430 1343 1474 exigant
1363 1432 1448 1463 ultra
1468 1431 1680 1464 bolendinuin
1693 1442 1795 1464 unum

1037 1495 1096 1528 pro
1118 1484 1287 1524 citatione,
1310 1484 1370 1517 nisi
1397 1485 1435 1517 sit
1455 1484 1562 1518 citatio
1584 1486 1730 1518 facienda
1764 1486 1796 1518 in

1037 1537 1222 1581 longinquis
1252 1538 1332 1571 locis
1365 1539 1404 1570 ab
1438 1549 1552 1571 eorum
1580 1539 1694 1579 curiis,
1731 1549 1796 1582 quo

1037 1602 1112 1624 casu
1147 1591 1272 1634 exigant
1306 1593 1398 1632 duos,
1422 1598 1452 1625 et
1488 1603 1553 1625 non
1586 1594 1682 1626 ultra.
1715 1594 1796 1627 Illud

1037 1645 1121 1678 idem
1143 1645 1260 1678 faciant
1280 1645 1313 1678 in
1334 1646 1536 1679 intimatione
1553 1647 1726 1681 cuiuslibet
1747 1658 1796 1681 se-

1036 1698 1171 1742 questri,
1195 1699 1373 1740 inonitorii,
1397 1699 1611 1741 inhibitionis,
1630 1701 1751 1734 decreti
1767 1707 1795 1735 et

1037 1753 1273 1796 cuiuscumque
1295 1759 1385 1787 actus
1405 1754 1579 1795 iudiciarii,
1592 1755 1734 1799 exceptis
1750 1756 1796 1789 ci-

1038 1807 1211 1840 tationibus
1240 1807 1396 1840 faciendis
1430 1813 1542 1841 contra
1572 1808 1688 1842 fiscum
1706 1837 1713 1851 ,
1738 1821 1796 1854 pro

1036 1863 1155 1906 quibus
1188 1863 1315 1906 exigere
1350 1864 1472 1906 possint
1500 1864 1693 1898 bolendinos
1718 1871 1792 1899 tres.

1035 1916 1095 1949 Pro
1117 1917 1356 1951 subhastatione
1378 1923 1408 1951 et
1427 1918 1659 1953 deliberatione
1680 1919 1794 1963 pigno-

1035 1983 1108 2005 rum
1130 1973 1192 2005 sive
1213 1984 1324 2006 rerum
1345 1978 1376 2006 et
1394 1973 1555 2006 bonorum
1578 1974 1746 2008 mobilium
1765 1980 1797 2008 et

1035 2026 1273 2067 immobilium,
1297 2038 1400 2070 usque
1434 2028 1472 2060 ad
1507 2038 1667 2061 summam
1696 2029 1795 2062 trium

1036 2086 1221 2122 scutorum,
1244 2081 1456 2114 bolendinum
1481 2091 1583 2114 unum
1606 2093 1665 2125 pro
1686 2083 1794 2126 quoli—

1034 2135 1088 2167 bet
1108 2141 1212 2175 scuto,
1230 2135 1269 2167 ab
1282 2135 1355 2168 inde
1376 2146 1486 2179 supra,
1505 2135 1698 2169 bolendinos
1712 2136 1795 2170 duos

1035 2200 1093 2232 pro
1114 2189 1259 2233 quolibet.
1284 2195 1387 2229 scuto,
1411 2189 1453 2222 ita
1476 2195 1581 2222 tamen
1602 2190 1688 2232 quod
1709 2191 1794 2223 ultra

1034 2254 1137 2276 unum
1163 2248 1290 2275 scutum
1321 2253 1386 2276 non
1408 2243 1531 2285 exigant
1554 2253 1613 2287 pro
1634 2255 1792 2286 quacum-

1033 2308 1096 2340 que
1117 2308 1260 2336 summa,
1283 2298 1379 2330 etiam
1400 2298 1486 2340 quod
1513 2308 1565 2331 res
1590 2298 1793 2332 subhastatae

1034 2356 1064 2384 et
1075 2351 1270 2384 deliberatae
1283 2352 1321 2384 ad
1333 2361 1481 2394 magnam
1503 2361 1662 2384 summam
1679 2362 1791 2385 ascen-

1033 2405 1120 2438 dant.

1077 2455 1091 2497 g
1111 2454 1165 2488 80.
1188 2454 1365 2497 Barigellus
1386 2458 1416 2486 et
1435 2458 1624 2486 executores
1634 2465 1792 2497 quarum-

1033 2514 1174 2547 cumque
1195 2503 1360 2536 curiarum
1391 2514 1428 2536 ac
1452 2503 1601 2536 custodes
1622 2515 1790 2537 carcerum

1033 2552 1201 2585 observent
1217 2552 1248 2585 in
1265 2552 1417 2585 omnibus
1437 2558 1467 2585 et
1488 2563 1545 2597 per
1565 2552 1675 2585 omnia
1695 2553 1789 2585 tabu-

1032 2602 1094 2634 lam
1112 2601 1282 2635 novissime
1298 2613 1315 2634 a
1332 2602 1511 2635 camerario
1530 2607 1641 2634 nostro
1657 2601 1788 2642 editam,

1032 2651 1092 2684 sub
1113 2651 1226 2694 poenis
1243 2651 1275 2683 in
1296 2662 1332 2684 ea
1353 2651 1521 2684 contentis.

1686 243 1750 277 2⁶23
1808 253 1858 280 An.
1881 252 1909 277 c.
1925 252 1992 278 1562

1854 1395 1999 1416 Mandat-’trio—

1811 1433 1855 1447 rum
1865 1430 1912 1446 taxa
1923 1433 1960 1451 pro
1969 1428 1997 1447 ci-

1811 1459 1934 1483 tationibus,
1952 1462 1989 1478 rlc.

1836 2471 1933 2497 B-trigelli
1973 2476 1993 2493 et

1807 2506 1916 2523 executor.
1937 2506 1990 2524 tun.
