2237 3100
37 2446 155 2467 nectat-auio
172 2452 221 2473 quo-

37 2477 61 2497 ad
95 2479 221 2504 receptores

38 2509 173 2535 praeteritos.

236 394 339 434 niunt,
362 394 450 426 omni
476 394 640 438 diligentia
658 399 766 427 nostra
786 393 925 435 obviare,
955 396 985 428 in

235 447 430 492 praemissis,
453 454 609 491 quantum
631 448 777 481 cucho
798 459 982 492 possumus,

233 505 417 544 opportune
435 507 625 545 matureque
642 502 809 545 providere
829 502 981 544 volentes,

234 559 323 587 motu
348 555 481 598 proprio
502 561 531 588 et
552 566 589 588 ex
609 561 694 589 certa
715 555 858 595 scientia,
883 561 984 589 matu-

234 618 334 651 raque
355 608 584 642 deliberatione
600 615 720 650 nostra,
743 620 780 642 ac
800 609 838 642 de
859 615 985 653 aposto-

234 661 313 694 licae
334 661 497 705 potestatis
521 663 734 706 plenitudine,
756 668 883 707 praeter
908 663 985 696 alias

234 719 345 748 eontra
370 715 444 748 talia
465 722 686 759 perpetrantes
702 728 718 749 a
739 717 831 750 nobis
847 717 908 749 iam
922 718 983 751 far-

234 775 280 803 tas
300 769 554 811 constitutiones,
568 771 628 804 bac
644 776 752 804 nostra
764 776 920 815 perpetuo
931 783 983 805 va-

234 823 330 856 litura
345 823 509 857 sanctione
521 829 551 856 et
563 824 789 857 constitutione
800 825 981 865 statuimus⁷

234 877 433 918 ordinamus,
463 878 623 919 volumus,
650 879 854 912 decernimus
879 885 909 911 et
929 879 983 912 de-

234 932 394 964 claramus
413 931 501 975 quod
521 931 719 976 quicumque
750 932 868 965 subditi
884 933 983 966 nostri

233 990 264 1019 et
283 985 384 1029 ipsius
401 985 563 1019 Romanae
583 986 756 1027 Ecclesiae,
771 986 910 1020 cuiusvis
926 992 985 1020 sta-

233 1044 296 1079 tus,
318 1039 447 1082 gradus,
475 1039 608 1079 ordinis,
641 1039 844 1081 conditionis,
868 1040 984 1073 nobili-

234 1092 305 1126 tatis
334 1098 365 1125 et
384 1093 646 1137 praeeminentiae
681 1093 861 1134 existentes,
889 1094 984 1127 etiam

233 1145 259 1179 si
278 1146 427 1187 barones,
457 1147 619 1180 domicelli
641 1153 669 1180 et
690 1148 857 1180 feudatarii
886 1148 985 1181 nostri

233 1200 363 1241 suerint,
386 1200 512 1244 aliquos
532 1200 720 1241 homicidas,
753 1201 901 1241 rebelles,
925 1214 985 1246 pu-

233 1254 334 1287 blicos
354 1254 506 1295 latrones,
529 1260 724 1297 grassatores
744 1255 879 1295 viarum,
902 1267 939 1289 ac
956 1256 985 1289 in

235 1319 371 1352 poenam
391 1308 504 1352 capitis
523 1308 672 1342 bannitos
688 1314 719 1341 et
733 1310 893 1352 quoslibet
908 1311 987 1343 alies

233 1362 431 1395 facinorosos
458 1362 617 1403 homines,
650 1363 846 1406 illorumque
866 1364 986 1397 adhae-

234 1420 358 1457 rentes,
390 1418 531 1450 l'autores
558 1422 589 1449 et
608 1416 784 1461 complices
813 1417 851 1450 de
879 1424 986 1451 cetero

233 1471 264 1504 in
291 1470 357 1503 suis
376 1470 455 1503 locis
480 1471 715 1514 receptaverint
735 1476 789 1504 aut
810 1472 984 1512 tenuerint,

233 1524 345 1569 poenis
375 1524 614 1558 confiscationis
643 1525 790 1557 omnium
824 1525 986 1559 bonorum

232 1589 269 1611 ac
289 1578 506 1612 demolitionis
526 1578 698 1612 domorum
720 1590 852 1612 suarum
874 1586 904 1613 et
924 1580 987 1613 exi-

233 1631 265 1664 lii
276 1632 435 1675 perpetui,
455 1642 519 1665 una
535 1643 609 1665 cum
627 1632 698 1665 totis
718 1642 832 1666 eorum
848 1633 987 1675 familiis,

235 1686 318 1719 ultra
346 1685 424 1719 alias
453 1696 574 1730 poenas
602 1691 667 1719 tam
698 1686 731 1719 in
753 1687 870 1720 nostris
890 1698 986 1731 quarn

232 1739 422 1773 eorumdem
439 1739 726 1784 praedecessorum
739 1746 922 1774 nostrorum
936 1743 989 1775 de-

233 1804 330 1838 super
340 1793 495 1827 confectis
510 1794 613 1827 literis
627 1799 794 1828 contentas
809 1796 902 1839 (quas
914 1806 988 1829 con-

233 1847 433 1881 trafacientes
457 1858 495 1881 eo
525 1847 593 1892 ipso
618 1848 785 1882 incurrere
814 1849 987 1892 volumus),

233 1913 291 1946 per
310 1901 443 1935 dilectos
463 1902 547 1935 filios
567 1902 812 1945 gubernatores,
837 1903 989 1936 officiales

232 1966 270 1989 ac
288 1955 426 1989 iustitiae
448 1955 611 1989 *ninistres
635 1956 888 2000 provinciarum,
912 1957 988 1990 ciri-

233 2014 347 2050 tatum,
370 2015 531 2043 terrarum
549 2015 580 2043 et
600 2011 748 2043 locorum
766 2010 858 2043 nobis
874 2017 901 2045 et
919 2011 986 2044 die-

234 2070 283 2097 tae
303 2063 466 2097 Romanae
487 2064 647 2097 Ecclesiae
668 2064 886 2098 subiectorum
904 2066 988 2109 (qui—

233 2118 294 2151 bus
314 2123 348 2150 ut
368 2123 553 2162 praesentes
573 2123 698 2151 nostras
727 2118 836 2151 literas
856 2119 989 2152 omnino

235 2176 446 2216 exequantur,
464 2172 524 2204 sub
540 2171 769 2214 indignationis
785 2177 913 2206 nostrae
925 2184 990 2217 pee-

235 2237 287 2267 na,
310 2225 451 2260 districte
471 2226 702 2270 praecipimus)
727 2226 990 2260 irremissibiliter

235 2280 428 2320 afficiantur,
451 2281 634 2324 plectantur
658 2284 689 2313 et
708 2280 898 2324 puniantur,
920 2281 989 2313 asti-

236 2333 330 2378 cique
350 2338 381 2367 et
400 2334 509 2378 puniri
530 2333 678 2367 debeant.

280 2388 295 2431 ξ
314 2386 346 2421 3.
368 2387 427 2427 Qui
448 2398 522 2420 vero
542 2388 703 2431 praefatos
726 2387 916 2429 homicidas,
940 2399 989 2422 re-

236 2437 349 2478 belles,
371 2437 519 2481 publicos
538 2437 691 2477 latrones,
722 2436 845 2470 viarum
866 2448 990 2480 grassa-

236 2491 335 2527 toreS,
358 2486 390 2519 in
410 2497 548 2531 poenam
569 2486 683 2530 capitis
702 2485 851 2520 bannitos
867 2492 898 2519 et
917 2487 992 2520 saci-

237 2546 372 2570 norosos
383 2536 531 2569 homines
542 2537 711 2579 hucusque
724 2536 755 2569 in
768 2536 847 2569 locis
863 2537 928 2570 suis
944 2547 992 2570 re-

238 2585 435 2630 ceptaverint
446 2590 501 2618 aut
515 2586 689 2626 tenuerint,
707 2584 739 2618 in
755 2585 902 2626 exilium,
927 2596 991 2619 una

238 2646 312 2669 cum
333 2635 477 2679 ipsorum
506 2635 648 2675 familiis,
674 2635 713 2668 ad
733 2635 817 2668 varia
843 2636 914 2669 loca
934 2647 991 2680 per

236 2684 322 2729 ipsos
340 2684 586 2728 gubernatores,
618 2684 771 2719 officiales
789 2695 826 2718 ac
847 2684 988 2720 iustitiae

314 2737 389 2770 Ruit.
405 2737 483 2770 Rom.
503 2737 557 2770 Vol.
579 2737 636 2770 VII.
833 2738 872 2770 58

39 289 90 316 An.
107 290 135 317 c.
157 290 223 317 1566
912 290 978 314 rius
1004 292 1021 315 v
1046 290 1094 314 ΡΡ.
1673 280 1735 313 457

40 355 129 375 unorum
146 361 165 375 m
189 355 221 375 su*
236 346 267 374 et
286 340 454 381 scandalis,
478 352 560 383 quae
576 341 688 375 exinde
708 341 852 386 quotidie
872 353 985 386 prove·
1030 342 1192 376 ministros
1225 343 1417 376 declaranda
1443 348 1473 376 ct
1493 343 1659 376 statuenda
1688 343 1781 385 (data

40 388 114 406 turum·

1029 408 1087 440 per
1116 408 1170 429 eos
1198 396 1313 430 idonea
1343 397 1492 430 cautione
1527 397 1564 429 dc
1596 396 1779 429 huiusmodi

1027 450 1120 482 exilio
1141 450 1313 493 servando)
1343 450 1512 483 mittantur
1532 456 1562 484 et
1583 451 1778 493 relegentur.

1026 503 1239 537 Decerneutes
1273 510 1438 548 praeterea
1472 514 1571 547 super
1599 504 1782 547 praemissis

1027 556 1158 600 procedi
1187 568 1280 600 posse
1301 568 1358 601 per
1382 558 1633 598 accusationem,
1651 557 1782 590 delatio-

1027 610 1362 653 nem,inquisitionem
1375 616 1404 644 et
1419 611 1482 644 alio
1498 611 1610 654 quovis
1627 611 1733 644 niodo.

1070 664 1084 706 ξ
1104 663 1135 695 li.
1159 663 1277 708 Sicque
1294 675 1352 708 per
1369 676 1593 708 quoscumque
1610 664 1732 698 iudices
1752 670 1783 697 et

1027 717 1276 758 commissarios,
1303 718 1413 761 quavis
1435 718 1626 751 auctoritate
1650 719 1782 760 sungen-
1806 717 1845 730 Η·

1026 776 1085 811 tes,
1108 771 1203 804 etiam
1229 772 1260 804 S.
1280 771 1315 804 R.
1334 772 1369 805 E.
1398 773 1590 813 cardinales,
1620 772 1650 805 in
1672 772 1782 816 quavis

1027 835 1123 858 causa
1143 830 1171 857 et
1199 825 1349 858 instantia
1369 826 1514 867 (sublata
1544 826 1589 858 eis
1618 830 1648 858 et
1668 836 1781 859 eorum

1027 878 1159 912 cuilibet
1188 878 1298 922 quavis
1327 879 1419 911 aliter
1448 879 1610 912 iudicandi
1633 884 1663 912 ct
1683 879 1781 912 inter-

1027 931 1173 976 pretandi
1194 933 1343 965 facultate
1365 938 1395 965 et
1414 933 1629 973 auctoritate),
1648 932 1781 966 iudicari

1027 992 1056 1020 ct
1077 987 1204 1020 definiri
1219 986 1349 1025 debere;
1368 997 1494 1020 necnon
1508 987 1634 1020 irritum
1648 992 1678 1019 et
1688 987 1783 1020 inane

1027 1040 1185 1084 quidquid
1206 1051 1299 1073 secus
1313 1051 1331 1073 a
1351 1041 1650 1084 quoquam,quavis
1669 1046 1781 1074 aueto-

1028 1095 1131 1134 ritate,
1152 1094 1291 1128 scienter
1315 1095 1363 1127 vel
1392 1094 1590 1137 ignoranter,
1613 1095 1780 1138 contigerit

1028 1149 1189 1181 attentari.

1072 1203 1130 1246 {5-
1148 1203 1217 1235 Non
1235 1202 1435 1235 obstantibus
1452 1202 1737 1235 constitutionibus
1753 1209 1781 1236 et

1029 1256 1286 1289 ordinationibus
1322 1255 1518 1300 apostolicis,
1538 1261 1567 1287 et
1586 1255 1682 1288 etiam
1699 1256 1783 1289 iura-

1031 1315 1148 1349 mento,
1161 1309 1407 1343 confirmatione
1422 1309 1599 1353 apostolica
1610 1310 1658 1343 vel
1673 1310 1784 1354 quavis

1029 1363 1179 1397 firmitate
1199 1364 1257 1396 alia
1282 1363 1438 1396 roboratis
1457 1363 1582 1396 statutis
1602 1369 1632 1396 et
1652 1374 1786 1397 eonsue-

1029 1418 1206 1458 tudinibus,
1231 1417 1403 1462 privilegiis
1427 1428 1571 1461 quoque,
1595 1418 1728 1451 indultis
1756 1424 1784 1450 et

1030 1471 1130 1504 literis
1141 1471 1337 1515 apostolicis,
1359 1470 1534 1514 quibusvis,
1553 1470 1584 1503 in
1604 1482 1723 1514 genere
1738 1472 1785 1504 vel

1030 1526 1062 1557 in
1074 1525 1191 1569 specie,
1212 1524 1458 1568 quomodolibet
1473 1524 1648 1565 concessis,
1666 1526 1784 1558 contir-

1030 1579 1122 1612 matis
1134 1585 1165 1612 et
1175 1578 1303 1622 saepius
1315 1578 1483 1620 innovatis,
1495 1578 1613 1622 quibus
1625 1578 1784 1619 omnibus,

1030 1632 1153 1665 etiamsi
1181 1633 1219 1665 de
1254 1632 1316 1665 illis
1357 1643 1536 1676 eorumque
1566 1632 1639 1665 totis
1669 1633 1785 1666 tenori-

1030 1688 1089 1720 bus
1114 1687 1274 1731 specialis,
1303 1686 1467 1730 specifica,
1491 1697 1640 1730 expressa
1660 1692 1691 1720 et
1713 1687 1761 1719 in-

1031 1741 1158 1775 dividua
1179 1741 1298 1774 mentio
1319 1741 1467 1774 habenda
1493 1746 1586 1782 esset,
1607 1752 1720 1775 eorum
1743 1746 1786 1774 te-

1031 1805 1138 1835 nores,
1161 1806 1198 1828 ac
1218 1795 1242 1828 si
1263 1794 1302 1828 de
1322 1795 1420 1828 verbo
1449 1795 1488 1828 ad
1509 1795 1642 1828 verbum
1664 1795 1784 1828 insere-

1032 1854 1156 1890 rentur,
1185 1848 1408 1894 praesentibus
1428 1860 1487 1893 pro
1508 1849 1705 1882 sufficienter
1732 1860 1785 1882 ex-

1032 1903 1150 1947 pressis
1170 1903 1335 1942 habentes,
1356 1903 1419 1936 illis
1439 1904 1516 1936 alias
1538 1903 1569 1935 in
1590 1914 1648 1936 suo
1669 1904 1786 1936 robore

1032 1957 1264 2001 permansuris,
1283 1958 1343 1990 hae
1358 1957 1425 1990 vice
1445 1957 1620 1997 dumtaxat,
1638 1957 1676 1989 ad
1689 1956 1785 1990 effec-

1034 2017 1100 2044 tum
1120 2011 1362 2054 {praesentimm
1384 2010 1566 2055 specialiter
1590 2016 1620 2043 et
1640 2021 1785 2054 expresse

1032 2065 1238 2109 derogamus,
1261 2065 1441 2109 ceterisque
1462 2064 1632 2099 contrariis
1652 2065 1785 2109 quibus-

1032 2130 1183 2164 cumque.

1075 2174 1090 2217 ἓ
1111 2173 1140 2207 6.
1164 2173 1326 2215 Ceterum,
1349 2173 1424 2216 quia
1445 2173 1576 2206 difficile
1592 2174 1673 2206 soret
1693 2183 1786 2217 prae-

1032 2232 1136 2261 sentes
1156 2228 1264 2261 literas
1284 2228 1321 2260 ad
1343 2227 1471 2270 singula
1490 2238 1638 2272 quaeque
1655 2228 1737 2267 loca,
1755 2227 1787 2260 in

1031 2280 1150 2325 quibus
1165 2292 1247 2326 opus
1262 2281 1369 2322 suerit,
1384 2280 1514 2321 deferri,
1528 2281 1679 2314 volumus
1690 2281 1786 2314 etiam

1032 2345 1068 2368 ac
1089 2335 1296 2368 decernimus
1315 2334 1403 2380 quod
1424 2345 1535 2368 earum
1563 2335 1785 2380 transumptis,

1033 2389 1127 2422 ctiam
1143 2389 1319 2433 impressis,
1331 2400 1428 2422 manu
1445 2388 1581 2422 alicuius
1596 2389 1713 2422 notarii
1729 2400 1786 2433 pu-

1032 2443 1108 2476 blici
1125 2443 1327 2487 subscriptis,
1351 2448 1381 2476 et
1396 2442 1498 2486 sigillo
1516 2453 1673 2487 personae
1689 2442 1722 2476 in
1738 2443 1786 2476 di-

1032 2493 1152 2536 gnitate
1185 2493 1402 2526 eeclesiastica
1422 2493 1612 2526 constitutae
1640 2492 1784 2533 munitis,

1033 2542 1145 2576 eadem
1175 2553 1308 2586 prorsus
1335 2542 1414 2575 fides
1448 2542 1480 2575 in
1509 2541 1628 2575 iudicio
1649 2546 1680 2575 et
1699 2546 1785 2575 extra

1033 2591 1236 2632 adhibeatur,
1259 2602 1342 2636 quae
1363 2591 1439 2636 ipsis
1459 2591 1681 2636 praesentibus
1697 2591 1786 2624 adhi-

1032 2641 1175 2681 beretur,
1197 2641 1223 2674 si
1243 2643 1349 2675 l'orent
1372 2641 1531 2675 exhibitae
1556 2642 1603 2676 vel
1624 2646 1779 2675 ostensae.

1032 2690 1118 2725 Nulli
1138 2701 1214 2734 ergo
1234 2695 1291 2725 etc.

1797 291 1845 316 An.
1864 291 1894 318 C.
1915 291 1980 318 ¹566

1823 680 1919 700 tilausuta
1936 680 1972 699 sub

1819 1213 1927 1233 sliausutae
1944 1214 1980 1233 deff

1797 1248 1877 1270 rogatui
1885 1246 1923 1266 iae.

1838 2185 1984 2212 Tr-iiisumptw

1804 2222 1847 2236 rum
1864 2216 1921 2237 tides.
