2237 3100
56 255 108 283 An:
119 255 149 283 C.
167 255 237 283 ¹⁸70

925 255 993 281 PIUS
1015 257 1036 280 V
1054 255 1102 280 1³1³.

251 317 337 341 cessa
354 307 509 341 hactenus
525 308 598 341 etin
608 313 772 352 posterum
787 308 1004 350 concedenda,

250 372 390 406 quorum
408 362 554 395 omniurn
569 362 631 395 vim
647 368 678 396 et
697 362 858 403 effectum,
876 368 1005 396 tenores

252 426 363 448 eorum
397 416 619 459 praesentibus
652 427 711 460 pro
732 416 930 449 sufficienter
950 427 1003 450 ex-

252 469 369 513 pressis
388 470 554 511 habentes,
577 470 684 514 quoad
703 471 775 511 hoc,
797 470 928 503 omnino
941 470 1003 503 eis-

251 523 324 556 dem
345 528 435 557 motu
454 528 485 557 et
514 524 645 558 scientia
665 530 695 557 et
723 523 912 557 auctoritate
933 534 1003 557 sus-

252 576 435 619 pendimus,
462 582 493 610 et
512 577 545 610 in
565 577 752 610 huiusmodi
772 577 936 610 vacatione
957 577 1003 610 es-

252 630 371 663 sectum
391 630 498 663 sortiri
523 641 589 664 non
619 641 712 675 posse
750 641 854 674 neque
886 631 1003 664 debere

251 683 456 717 decernimus
500 684 576 728 (illis
609 695 739 728 quoque
759 685 941 728 specialiter
973 691 1004 718 et

251 747 399 781 expresse
439 738 644 780 derogamus,
679 739 781 771 donec
820 743 1004 782 praesentes

250 800 344 823 suum
366 790 547 834 plenarium
569 796 599 824 et
631 791 855 825 omnimodum
890 801 1003 824 eonse-

250 850 361 888 quutae
383 844 504 877 suerint
519 850 549 878 et
564 850 804 888 consequentur
824 845 1001 887 effectum);

251 897 292 931 ad
324 897 427 931 dictos
463 898 689 932 canonicatum
723 904 755 932 et
786 898 1002 943 praebendam

251 951 299 984 vel
319 961 439 984 munus
466 962 532 984 non
551 951 689 992 extendi,
715 952 770 985 sed
790 952 917 984 nullum
946 963 1005 996 per

241 1004 314 1038 ,hoc
335 1004 394 1046 eis,
415 1005 523 1049 quoad
547 1005 810 1048 assequutionem
831 1005 1003 1039 canoniea-

123 2553 242 2576 clausulae.

254 1062 345 1091 tuum
376 1064 407 1092 et
439 1059 698 1103 praebendarum
734 1071 790 1093 seu
828 1060 1003 1093 beneficio-

254 1123 327 1145 rum
361 1112 500 1146 aliorum
516 1140 523 1154 ‚
564 1113 800 1157 praeiudicium
834 1113 1002 1156 generari;

254 1166 417 1209 quibusvis
450 1166 521 1200 aliis
556 1167 732 1211 privilegiis
751 1193 757 1206 ,
793 1166 1005 1210 indulgentiis

254 1225 284 1253 et
296 1220 409 1254 litteris
419 1220 615 1264 apostolicis,
633 1220 827 1265 specialibus
845 1221 893 1253 vel
910 1231 1005 1263 gene-

253 1273 387 1315 ralibus,
401 1285 685 1318 quorumcumque
697 1279 847 1308 tenorum
859 1274 1004 1315 existant,

253 1338 312 1371 per
348 1338 454 1371 quae,
484 1327 707 1372 praesentibus
749 1338 813 1361 non
856 1339 1005 1372 expressa

253 1382 302 1415 vel
323 1381 460 1415 totaliter
487 1392 552 1415 non
572 1382 702 1422 inserta,
733 1381 866 1415 effectus
893 1393 1004 1415 earum

255 1435 404 1479 impediri
433 1436 536 1469 valeat
562 1435 806 1479 quomodolibet
826 1436 874 1469 vel
899 1436 1007 1470 differ-

254 1489 294 1529 ri,
325 1489 363 1522 de
392 1489 511 1534 quibus
537 1499 743 1533 quorumque
777 1489 852 1522 totis
883 1490 1005 1523 tenori-

254 1543 315 1576 bus
335 1543 374 1576 de
393 1542 490 1576 verbo
520 1543 559 1576 ad
587 1543 720 1576 verbum
747 1543 895 1576 habenda
915 1544 954 1577 sit
974 1544 1006 1577 in

254 1596 372 1630 nostris
400 1596 515 1630 litteris
543 1596 664 1630 mentio
688 1596 848 1640 specialis,
879 1598 1006 1641 proviso

253 1650 341 1694 quod
373 1656 506 1695 propter
539 1650 706 1692 unionem,
729 1651 943 1684 annexionem
977 1657 1007 1685 et

254 1704 549 1749 incorporationem
569 1706 728 1750 praefatas
747 1705 822 1739 dicti
838 1706 1008 1739 canonica-

253 1764 305 1792 tus
332 1763 364 1792 et
386 1758 570 1803 praebenda
590 1758 704 1792 debitis
724 1770 789 1792 non
818 1759 1009 1792 fraudentur

253 1812 428 1856 obsequiis,
450 1813 505 1846 sed
521 1823 633 1846 eorum
655 1824 797 1856 congrue
817 1819 1009 1857 supporten-

253 1870 306 1899 tur
325 1877 425 1900 onera
445 1872 617 1907 consueta;
639 1878 696 1900 seu
721 1867 746 1899 si
766 1866 850 1900 idem
871 1867 1009 1900 Thomas

253 1925 285 1953 et
303 1930 362 1963 pro
382 1925 528 1965 tempore
548 1920 684 1954 existens
724 1921 834 1953 Palatii
858 1921 1010 1963 magister

253 1984 319 2008 non
347 1974 445 2007 suerit
472 1984 625 2018 praesens
657 1974 697 2007 ad
716 1975 945 2018 praestandum
970 1975 1009 2008 de

253 2027 461 2061 obsewandis
493 2028 619 2062 statutis
653 2033 684 2061 et
721 2028 1010 2061 consuettulinibus

254 2082 358 2115 dictae
394 2082 546 2115 basilicae
589 2082 719 2115 solitum
765 2082 983 2116 iuramentum
1001 2109 1007 2121 ,

254 2135 431 2169 dummodo
448 2135 480 2168 in
500 2135 643 2168 absentia
663 2146 721 2167 sua
741 2146 798 2179 per
818 2143 1009 2179 procurato-

254 2199 322 2222 rem
344 2188 510 2229 idoneum,
532 2193 562 2222 et
578 2199 652 2221 cum
664 2188 703 2221 ad
719 2188 885 2222 basilicam
907 2190 1008 2234 ipsam

254 2242 425 2276 accesserit
445 2242 667 2286 corporaliter,
684 2242 764 2275 illud
781 2248 928 2285 praestet.
948 2244 1010 2277 Nos

255 2296 340 2330 enim
352 2307 389 2330 ex
400 2306 488 2329 nunc
501 2296 629 2328 irritum
642 2295 848 2329 decernimus
864 2302 893 2329 et
906 2297 1009 2338 inane,

255 2351 281 2384 si
298 2362 391 2384 secus
411 2361 509 2395 super
528 2350 578 2383 his
597 2361 615 2383 a
634 2361 811 2394 quoquam,
830 2351 940 2394 quavis
955 2362 1011 2384 au-

255 2404 413 2445 ctoritate,
436 2404 574 2438 scienter
589 2404 638 2437 vel
654 2403 849 2446 ignoranter,
866 2404 1009 2447 contige-

256 2454 297 2488 rit
316 2454 477 2487 attentari.

300 2504 315 2547 ἓ
335 2503 365 2537 8.
388 2503 472 2537 Nulli
493 2513 569 2546 ergo
585 2502 717 2536 omnino
733 2502 901 2535 hominum
917 2502 1011 2536 liceat

256 2552 340 2586 hanc
365 2553 513 2597 paginam
536 2557 664 2585 nostrae
684 2551 824 2592 unionis,
856 2551 1009 2585 annexio-

257 2601 319 2642 nis,
331 2601 612 2645 incorporationis,
631 2600 843 2641 inhibitionis,
855 2600 1008 2642 mandati,

258 2650 489 2695 suspensionis,
509 2649 642 2691 decreti,
668 2649 885 2694 derogationis
910 2654 941 2683 et
958 2660 1011 2683 vo-

1685 245 1749 280 845

1043 308 1174 342 luntatis
1200 309 1394 354 infringere,
1422 310 1470 343 vel
1495 309 1523 343 ei
1549 319 1628 342 ausu
1655 315 1793 343 temera-

1044 362 1092 395 rio
1117 362 1289 396 contraire.

1088 416 1119 449 Si
1140 415 1210 459 quis
1237 422 1343 449 autem
1364 421 1420 450 etc.

1087 470 1199 503 Datum
1221 470 1339 503 Romae
1367 471 1453 515 apud
1483 470 1514 504 S.
1545 470 1688 509 Petrum,
1710 479 1794 502 anno

1043 523 1276 557 Incarnationis
1292 524 1472 557 dominicae
1501 523 1672 556 millesimo
1698 522 1794 566 quin-

1042 577 1218 620 gentesimo
1240 577 1488 621 septuagesimo,
1509 582 1624 621 quarto
1645 577 1796 610 kalendas

1043 630 1181 673 augusti,
1209 631 1414 674 pontificatus
1433 630 1532 664 nostri
1553 641 1637 664 anno
1657 640 1687 664 v.

1103 690 1165 720 Dat.
1186 690 1233 720 die
1248 690 1285 720 *20
1301 690 1365 720 iulii
1380 690 1467 728 1570,
1490 690 1594 730 pontis.
1612 700 1689 720 anno
1705 699 1733 719 v.

1348 857 1498 891 CLXVIII.

1045 934 1168 967 Contra
1190 934 1391 977 disputantes
1415 944 1468 966 scic
1490 934 1574 966 alias
1598 934 1796 976 (sicaestz'ones

1087 988 1241 1030 facientes
1261 991 1317 1019 (tut
1338 988 1421 1020 male
1440 988 1613 1020 sentientes
1624 987 1661 1019 (le
1681 987 1796 1019 consti-

1089 1043 1211 1075 tratione
1252 1042 1342 1074 Szlrtt'
1378 1041 1430 1074 IV
1465 1052 1559 1084 super
1596 1042 1797 1084 conceptione

1088 1095 1207 1128 Boutae
1226 1095 1341 1127 Merite
1366 1094 1510 1137 Viryinis
1529 1095 1616 1127 edita
1636 1093 1663 1127 ί.

1132 1175 1194 1203 Pius
1218 1175 1360 1210 episcopus
1379 1181 1475 1203 servus
1494 1180 1635 1203 servorum
1653 1174 1709 1207 Dei,

1188 1229 1221 1257 ad
1240 1229 1404 1265 perpetuam
1418 1229 1459 1257 rei
1477 1229 1646 1257 memoriam.

1088 1302 1151 1345 gl.
1174 1301 1206 1335 Si
1227 1301 1376 1334 seandala
1394 1300 1492 1333 vitare
1513 1305 1544 1333 et
1557 1300 1686 1345 culpam
1700 1305 1798 1333 teme-

1045 1355 1146 1388 ritatis
1175 1355 1317 1398 effugm‘e
1337 1354 1412 1387 satis
1432 1359 1585 1387 curarent
1604 1354 1662 1394 illi,
1680 1354 1798 1397 quibus

1045 1409 1268 1452 gravissimum
1299 1419 1418 1441 munus
1439 1408 1646 1452 praedicandi
1671 1408 1711 1440 ad
1739 1418 1798 1451 po-

1046 1463 1159 1506 pulum
1191 1462 1245 1495 Dei
1267 1461 1490 1501 committitur,
1519 1462 1684 1503 deberent,
1720 1471 1799 1505 quo·

1046 1516 1103 1548 ties
1123 1526 1229 1548 sermo
1248 1515 1286 1548 de
1306 1515 1518 1559 conceptione
1544 1515 1657 1548 Beatae
1682 1514 1799 1548 Mariae

1046 1570 1183 1613 Virginis
1203 1570 1370 1609 incideret,
1393 1580 1519 1602 servare
1542 1569 1574 1601 id
1594 1569 1681 1613 quod
1702 1579 1800 1612 super

1047 1635 1083 1657 ea
1116 1635 1151 1656 re
1179 1634 1197 1655 a
1232 1622 1303 1667 piae
1324 1623 1499 1656 memoriae
1524 1622 1610 1656 Sixto
1630 1623 1716 1666 Papa
1748 1622 1796 1663 IV,

1048 1678 1294 1721 praedecessore
1304 1683 1426 1717 nostro,
1437 1676 1645 1710 constitutum
1657 1682 1687 1710 et
1698 1676 1800 1709 sanci-

1047 1736 1115 1764 tum
1136 1731 1205 1764 suit.
1232 1731 1361 1771 Verum,
1382 1730 1464 1764 sieut
1490 1741 1555 1764 non
1587 1731 1654 1764 sine
1688 1730 1799 1763 dolore

1047 1785 1246 1828 accepimus,
1265 1785 1474 1829 reperiuntur
1490 1784 1639 1818 nonnulli
1657 1784 1799 1817 diverso-

1048 1849 1120 1871 rum
1141 1838 1296 1871 Ordinum
1317 1839 1481 1881 regulares
1502 1845 1532 1872 et
1552 1838 1662 1872 clerici
1687 1848 1797 1870 saecu—

1048 1893 1131 1925 lares
1146 1903 1183 1925 ac
1203 1892 1298 1925 etiam
1314 1892 1400 1932 laici,
1422 1892 1488 1936 qui,
1505 1892 1562 1926 etsi
1591 1891 1697 1925 sciunt
1713 1902 1798 1931 eum,

1049 1951 1080 1978 ut
1114 1946 1272 1979 scandalis
1301 1951 1487 1979 occurreret
1520 1957 1557 1979 ex
1586 1945 1685 1978 nimia
1717 1955 1800 1988 quo-

1051 2000 1198 2033 rumdam
1230 1999 1407 2044 pertinacia
1426 2004 1457 2033 et
1476 1999 1695 2044 pugnantibus
1716 1999 1802 2033 inter

1049 2066 1081 2088 se
1115 2053 1385 2098 disputationibus
1404 2053 1483 2086 oriri
1513 2053 1626 2094 solitis,
1646 2053 1800 2086 laudabili

1049 2113 1303 2152 temperamento
1323 2118 1418 2140 usum
1436 2106 1652 2151 prohibuisse,
1674 2117 1713 2140 ne
1728 2107 1801 2151 quis

1050 2161 1265 2195 controversia
1293 2161 1438 2195 nondum
1459 2161 1498 2194 ab
1518 2161 1700 2205 Apostolica
1721 2161 1801 2194 Sede

1049 2215 1233 2256 diiudicata,
1252 2216 1299 2248 vel
1313 2226 1367 2249 eos
1383 2215 1551 2248 damnaret
1561 2214 1614 2258 qui
1628 2214 1801 2258 gloriosam

1049 2270 1103 2303 Dei
1125 2270 1330 2309 Genitricem,
1351 2269 1390 2302 ab
1410 2268 1575 2311 originalis
1596 2269 1719 2312 peceati
1735 2279 1802 2302 ma-

1050 2324 1123 2357 cula
1143 2324 1175 2356 in
1196 2323 1408 2367 conceptione
1430 2333 1488 2355 sua
1508 2322 1606 2356 fuisse
1632 2323 1802 2356 crederent

1050 2382 1298 2420 praeservatam,
1338 2376 1385 2409 vel
1425 2375 1496 2408 illos
1533 2376 1799 2419 reprehenderet,

1050 2435 1168 2478 quibus
1189 2435 1349 2468 contraria
1369 2434 1526 2467 sententia
1545 2433 1745 2477 probabilior
1758 2434 1802 2467 vi-

1049 2489 1192 2529 deretur,
1216 2499 1295 2532 quas
1314 2488 1384 2520 eius
1406 2487 1650 2521 constitutiones
1665 2499 1770 2532 nuper
1784 2499 1802 2521 a

1050 2553 1141 2576 sacro
1153 2553 1282 2586 quoque
1303 2541 1445 2584 generali
1462 2541 1598 2575 concilio
1614 2542 1801 2575 Tridentino

1050 2596 1242 2640 approbatas
1275 2595 1371 2628 fuisse
1408 2606 1473 2628 non
1504 2595 1671 2638 ignorant3
1696 2606 1800 2641 usque

1087 2660 1096 2685 1
1120 2658 1156 2686 Ex
1175 2658 1280 2694 Regest.
1298 2658 1324 2685 in
1341 2657 1449 2686 Archiv.
1467 2656 1550 2685 Vatici

1807 255 1856 282 An.
1873 252 1903 281 C.
1921 253 1994 283 ¹5⁷0

1824 1310 1903 1331 Causae
1917 1311 1991 1332 teren-

1812 1342 1849 1361 dae
1866 1342 1926 1362 huius
1941 1348 1995 1363 con-

1811 1374 1934 1394 stitutionis.
