2237 3100
876 258 973 283 mnnx
993 259 1101 284 RERUM
1643 249 1729 284 1007

216 309 375 354 Mancipia
390 310 563 354 baptizata,
590 311 630 344 ad
650 311 745 344 Urbis
766 318 1007 345 conservatores
1022 321 1081 356 pro
1102 311 1252 345 libertate
1273 309 1504 353 confugientia,
1529 310 1676 344 eamdem
1703 322 1779 345 con-

306 370 499 407 sequantur,
522 364 671 408 civesque
691 365 829 398 Romani
850 365 925 406 sint,
948 364 1013 398 482
1034 365 1063 398 b.

217 417 384 461 Manrique
404 418 556 452 Thomas.
590 419 624 452 V.
647 419 807 461 Magister.

216 470 315 503 Maria
329 470 393 514 (B.)
408 471 504 514 Virgo
525 476 637 505 utrum
658 472 690 505 in
712 472 926 515 conceptione
947 472 986 504 ab
1005 471 1173 514 originalis
1194 470 1318 514 pcccati
1340 471 1467 504 macula
1486 476 1688 515 praeservata
1709 471 1779 504 fue-

305 523 347 556 rit
381 524 599 568 disceptantes
617 551 624 565 ,
654 525 702 558 vel
738 525 821 558 male
855 525 1032 558 sentientes
1067 525 1106 557 dc
1143 524 1219 557 Sixti
1251 524 1288 556 IV
1317 524 1548 558 constitutione
1589 534 1688 567 super
1718 523 1780 557 hoc

307 582 511 620 argumento,
533 577 628 610 variis
653 577 766 621 poenis
787 583 992 617 coercentur,
1014 577 1079 611 846
1098 589 1130 611 α.
1153 577 1340 610 Interdictio
1352 578 1391 610 de
1412 577 1472 610 liae
1486 587 1520 610 re
1541 577 1728 621 disputandi
1747 577 1780 610 in

308 630 523 673 popularibus
537 630 765 672 concionibus,
789 631 837 664 vel
857 630 983 674 vulgari
1003 641 1153 664 sermone
1176 630 1352 670 scribendi,
1376 630 1557 664 disserendi
1577 640 1652 664 vero
1677 630 1779 664 facul-

309 687 365 723 tas,
382 689 527 717 cessante
548 684 719 717 occasione
740 684 896 724 scandali,
917 684 1068 717 omnibus
1090 684 1184 723 facta,
1200 683 1264 717 873
1284 684 1301 716 b
1323 688 1353 716 et
1372 694 1434 727 seq.

219 734 337 769 Mariae
357 736 421 779 (Β.)
442 736 714 770 Annuneiationis
734 737 886 770 sodalitas
906 737 1027 770 Romae
1044 736 1188 769 instituta
1208 737 1248 770 ad
1269 737 1448 769 dotandum
1470 737 1595 780 puellas
1616 747 1778 780 pauperes

308 793 338 822 et
359 789 595 822 sublevandum
616 791 760 834 pupillos
785 795 815 823 et
836 800 965 832 egenos,
989 789 1052 823 962
1073 790 1102 822 b.
1125 789 1305 823 Cardinalis
1330 794 1498 833 protector
1522 789 1700 822 sodalitatis
1720 800 1780 833 po-

309 846 370 874 test
387 852 584 885 cognoscere
602 853 731 875 caussas
757 853 839 886 quae
866 843 953 875 illam
978 842 1168 885 respiciunt,
1191 841 1255 875 963
1281 853 1320 877 a:
1341 842 1373 874 in
1393 841 1489 874 Curia
1510 847 1541 875 et
1567 847 1654 875 extra
1676 842 1708 874 in
1731 842 1782 874 ius

307 904 434 935 vocare,
457 895 523 928 964
542 906 581 936 a,·
601 895 739 939 singulis
758 896 874 928 diebus
895 901 923 929 et
946 896 1035 929 horis
1055 896 1245 940 procedere,
1258 896 1355 936 2'b27ct.‚·
1376 906 1435 939 per
1447 905 1672 938 quoscumque
1686 905 1781 928 man-

308 948 451 981 datarios
471 954 501 982 et
521 955 710 983 executores
735 949 768 981 in
790 949 839 982 ius
858 960 972 983 vocare
988 955 1017 982 et
1040 949 1213 982 sententias
1239 959 1312 982 suas
1333 949 1461 992 exequi,
1486 949 1565 982 ibid.
1593 949 1622 982 b.
1645 948 1782 982 Sodales

308 1012 418 1035 coram
452 1002 516 1036 alio
547 1002 654 1036 iudice
685 1002 849 1036 conveniri
874 1004 921 1036 vel
955 1003 995 1035 ad
1019 1003 1100 1036 alios
1134 1002 1396 1036 conveniendum
1422 1001 1573 1046 compelli
1594 1007 1778 1045 nequeunt,

310 1055 391 1089 ibid.

217 1107 337 1143 Mariae
353 1109 418 1151 (Β.)
437 1109 477 1142 de
496 1108 618 1143 Pietate
631 1109 784 1143 sodalitas
793 1115 821 1143 et
834 1109 1048 1143 nosocomium
1062 1109 1093 1142 in
1104 1109 1189 1142 Urbe
1210 1108 1384 1152 eriguntur
1396 1108 1434 1141 ad
1456 1118 1575 1151 egenos
1596 1107 1780 1152 mentisque

311 1163 425 1207 inopes
445 1164 580 1197 alendos
599 1169 696 1208 atquc
721 1164 895 1203 curandos,
918 1163 983 1197 439
1000 1164 1016 1196 b
1033 1168 1062 1196 et
1081 1174 1144 1207 seq.
1168 1163 1301 1196 Sodales
1322 1162 1470 1195 obtinent
1490 1174 1506 1195 a
1527 1162 1583 1195 Pio
1602 1162 1639 1194 IV
1660 1162 1779 1195 contir-

313 1216 487 1250 mationem
509 1217 646 1251 huiusce
658 1217 868 1250 institutionis
881 1223 911 1250 et
926 1217 1109 1250 facultatem
1133 1220 1251 1249 statuta
1271 1216 1444 1255 condendi,
1460 1215 1525 1249 ⁴140
1539 1215 1555 1247 b
1569 1220 1600 1248 et
1618 1226 1696 1259 seq.;
1710 1214 1782 1248 mis-

308 1281 377 1304 sam
398 1271 550 1304 domibus
570 1263 722 1315 propriis,
745 1272 822 1304 dum
849 1276 1036 1314 aegrotant,
1060 1270 1218 1303 celebrari
1240 1269 1390 1309 faciendi,
1408 1269 1467 1302 1141
1488 1270 1520 1309 b;
1548 1269 1778 1312 eleemosynas,

309 1324 490 1358 oblationes
514 1330 545 1358 et
567 1325 671 1368 legata
698 1325 889 1368 recipiendi,
908 1325 987 1357 ibid.
1004 1336 1015 1363 ,·
1037 1323 1254 1366 indulgentias
1268 1334 1326 1367 pro
1344 1323 1564 1367 eleemosynas
1583 1322 1780 1366 porrigenti-

310 1378 380 1419 hus,
398 1379 501 1419 ibid.;
521 1379 707 1412 facultatem
720 1378 784 1411 alio
806 1378 1021 1411 transferendi
1038 1378 1225 1411 sodalitium
1247 1382 1276 1411 et
1290 1377 1517 1410 nosocomium
1531 1376 1563 1409 in
1584 1386 1649 1419 quo
1674 1386 1781 1408 sacra-

310 1436 418 1464 menta
437 1431 675 1472 administrant,
695 1432 774 1464 ibid.
798 1431 980 1475 Hospitium
1002 1432 1117 1464 haeres
1138 1430 1557 1464 instituiturdecedentium
1578 1429 1611 1461 in
1625 1440 1662 1462 eo
1683 1429 1722 1461 ab
1735 1428 1783 1461 in-

310 1490 435 1522 testato.
462 1485 527 1518 142
548 1496 579 1518 α.
602 1485 817 1527 Indulgentia,
853 1485 957 1528 prima
972 1485 1129 1529 cuiusque
1150 1484 1270 1518 mensis
1294 1484 1474 1524 dominica,
1497 1483 1699 1517 sumentibus
1718 1482 1782 1515 Eu·

311 1538 497 1572 cliaristiam
519 1544 550 1572 et
570 1539 782 1572 recitantibus
806 1539 981 1582 quinquies
1001 1538 1187 1572 Orationem
1202 1538 1405 1571 Dominicam
1423 1542 1454 1570 et
1470 1536 1703 1570 Salutationem
1718 1536 1782 1568 An-

310 1592 462 1636 gelicam,
484 1593 563 1626 ibid.
588 1592 721 1626 Sodales
741 1592 891 1625 obtinent
904 1592 1109 1636 privilegium
1123 1591 1383 1630 confessionalis,
1398 1591 1477 1623 ibid.
1493 1602 1502 1627 ,·
1518 1590 1702 1629 facultatem
1723 1589 1783 1622 cri—

310 1645 406 1688 gendi
434 1646 561 1690 sibique
587 1645 785 1689 aggregandi
812 1645 891 1678 alias
912 1645 1097 1679 sodalitates
1118 1656 1192 1679 cmn
1218 1643 1494 1687 indulgentiarum
1516 1642 1780 1687 participatione,

310 1699 391 1732 ibid.

221 1751 340 1786 Mariae
359 1752 424 1795 (B.)
444 1753 643 1786 Lauretanae
664 1752 811 1786 ecclesia.
841 1752 874 1785 V.
898 1752 1091 1796 Collegium.

221 1805 338 1839 Mariae
355 1806 421 1849 (Β.)
440 1806 568 1839 Maioris
598 1806 871 1850 archipresbyter,
895 1805 990 1839 iudex
1016 1816 1204 1839 caussarum
1233 1805 1466 1838 canonicorum
1490 1810 1521 1838 et.
1543 1803 1675 1848 capituli
1697 1802 1783 1836 eius-

310 1858 384 1892 dem
406 1859 572 1900 eeclesiae,
585 1859 798 1892 confirmatur
819 1859 851 1891 in
873 1859 1050 1902 privilegiis
1067 1869 1140 1892 cum
1162 1858 1382 1892 declaratione
1400 1857 1508 1901 quoad
1526 1866 1654 1890 caussas
1674 1856 1784 1889 crimi-

310 1912 413 1952 nales,
436 1911 477 1945 67
498 1923 519 1945 α
539 1917 570 1945 et
590 1922 654 1955 seq.

222 1964 339 1999 Mariae
359 1965 424 2009 (Β.)
444 1965 572 1998 Maioris
592 1965 726 1998 basilica
755 1976 772 1998 a
793 1965 899 1999 Leone
933 1965 959 1998 X
979 1965 1154 1998 stationum
1176 1965 1387 2009 indulgentiis
1410 1964 1567 2008 privatur,
1589 1962 1644 2006 qui
1676 1973 1730 1995 eas
1745 1961 1785 1994 ad

310 2019 343 2054 S.
366 2019 498 2052 Mariam
518 2019 552 2052 in
582 2019 751 2053 Dominica
775 2020 939 2060 transfert,
962 2018 1026 2052 743
1056 2019 1084 2052 b.
1108 2019 1183 2052 Pius
1203 2019 1225 2051 V
1247 2029 1299 2052 eas
1320 2019 1359 2052 ad
1380 2024 1535 2061 utrasque
1552 2016 1706 2050 ecclesias
1731 2026 1786 2049 ex-

310 2073 426 2114 tendit,
450 2072 515 2105 744
534 2083 566 2106 a.

221 2126 339 2160 Mariae
372 2127 436 2170 (B.)
461 2126 612 2160 Officium
645 2127 800 2160 reformat
832 2126 907 2160 Pius
927 2127 961 2168 V,
986 2126 1133 2169 illudque
1154 2126 1317 2159 observari
1349 2124 1518 2169 praecipit,
1540 2128 1648 2156 cetera
1673 2121 1787 2156 Officia

309 2180 483 2221 abolendo,
504 2180 566 2213 nisi
587 2191 604 2213 a
624 2180 789 2224 primaeva
807 2191 919 2213 eorum
946 2179 1148 2213 institutione
1168 2180 1216 2212 vel
1243 2178 1479 2213 consuetudine
1501 2187 1538 2210 cc
1563 2186 1666 2209 annos
1691 2185 1786 2209 exce-

310 2233 406 2267 dente
430 2233 552 2267 fuerint
570 2234 762 2278 approbata,
786 2240 817 2267 et
836 2244 901 2267 non
919 2234 982 2267 sint
996 2233 1121 2276 vulgari
1139 2243 1290 2267 sermone
1311 2231 1502 2276 composita,
1525 2229 1588 2263 897
1610 2230 1627 2262 b
1647 2234 1678 2263 et
1695 2240 1759 2273 seq.
1777 2239 1785 2269 ;

312 2288 462 2321 hortatur
485 2297 598 2321 omnes
619 2286 718 2321 officii
752 2286 934 2321 recitationi
969 2297 1034 2320 non
1064 2286 1224 2330 obligatos
1248 2291 1283 2319 ut
1303 2285 1416 2319 Officio
1437 2284 1614 2317 reformato
1634 2286 1784 2323 utantur,

223 2392 340 2427 Mariae
360 2393 424 2436 (B.)
444 2392 618 2426 Servorum
643 2391 728 2426 Ordo
749 2392 900 2437 primitus
925 2392 964 2425 ab
985 2402 1050 2426 uno
1070 2392 1181 2436 priore
1212 2390 1355 2435 generali
1381 2389 1565 2432 regebatur,
1589 2386 1652 2421 817
1677 2388 1705 2420 b.
1730 2387 1788 2420 Ta-

314 2446 464 2479 bescente
484 2447 641 2490 paulatim
657 2446 841 2490 disciplina,
851 2446 1001 2479 nonnulli
1012 2446 1138 2486 fratres,
1152 2444 1311 2488 regularis
1321 2442 1544 2477 observantiae
1558 2451 1681 2482 amore,
1696 2451 1729 2474 se
1747 2440 1787 2473 ab

314 2498 434 2532 Ordine
454 2505 666 2543 segregarunt
689 2505 720 2533 et
744 2498 944 2544 peculiarem
970 2499 1257 2541 congregationem
1292 2496 1513 2535 instituerunt,
1538 2504 1622 2537 quae
1648 2493 1787 2537 pariter,

313 2562 466 2586 successu
504 2552 672 2596 temporis,
692 2563 710 2586 a
734 2552 943 2596 regularitate
963 2552 1116 2596 prolapsa
1137 2556 1194 2592 est,
1218 2550 1295 2583 ibid.
1319 2548 1445 2582 Idcirco
1471 2547 1547 2581 Pius
1567 2548 1590 2580 V
1611 2556 1790 2590 congrega-

314 2605 437 2639 tionem
456 2604 568 2639 Ordini
589 2606 697 2639 denuo
717 2605 901 2650 aggregavit
921 2605 981 2639 sub
1006 2605 1127 2638 eisdem
1153 2603 1284 2647 Regulis
1304 2602 1402 2635 unico
1411 2611 1476 2646 que
1496 2601 1606 2645 priore
1632 2599 1788 2643 generali,

317 2658 382 2694 818
403 2671 423 2694 a
434 2670 443 2702 ;
459 2659 628 2704 privilegia
647 2665 776 2695 revocat
795 2659 918 2705 aliquid
938 2659 1087 2704 privatim
1108 2657 1281 2698 retinendi,
1305 2656 1365 2690 821
1391 2657 1408 2690 b
1421 2661 1452 2690 et
1470 2666 1534 2701 seq.
1547 2666 1560 2698 ,·
1573 2654 1739 2690 aediculas
1758 2654 1791 2687 in
