2237 3100
502 211 590 247 1026

458 273 540 308 Cum
565 275 692 315 domus,
715 273 768 308 63.

461 327 552 369 Cum,
574 338 611 361 ex
630 328 830 372 apostolatus
850 325 968 366 officio,
987 325 1063 359 533.

461 380 541 415 Cum
562 393 598 414 ex
618 381 776 415 Ordinuin
798 379 1015 419 universitate,
1036 378 1112 412 877.

459 435 539 469 Cum
560 434 662 468 felicis
682 432 918 466 recordationis
937 432 1013 466 Pius
1032 432 1080 473 IV,
1103 431 1179 466 502.

459 488 540 522 Curn
556 487 753 531 gravissima.
776 485 853 519 431.

458 540 551 583 Cum,
574 540 785 584 gravissimis,
807 539 883 573 496.

457 594 537 628 Cum
558 594 644 627 illius
664 593 779 633 vicem,
802 592 878 626 477.

457 649 536 682 Ctnn
557 647 590 680 in
610 647 872 687 alienationibus,
896 647 949 681 62.

456 702 536 735 Cum
556 702 640 734 inter
660 707 783 735 ceteras
802 701 901 734 animi
923 712 1029 742 curas,
1051 700 1127 734 310.

459 756 540 789 Cum
560 755 646 788 inter
662 755 811 795 crimina,
834 754 911 789 30¹1.

460 809 540 843 Curn
560 809 644 842 inter
665 809 867 852 gravissimas
887 819 994 849 curas,
1016 807 1093 842 373.

459 862 539 897 Curn
560 862 758 906 Magistrum,
780 861 856 896 303.

459 916 539 950 Curn
559 916 617 957 nil,
641 916 716 950 861.

459 969 539 1004 Cum
560 970 663 1011 nohis,
683 970 760 1004 440.

459 1023 538 1057 Cutu
559 1035 618 1057 nos
639 1025 774 1064 dudum,
799 1023 874 1058 187.

459 1077 538 1111 Cum
555 1089 613 1112 nos
634 1090 739 1123 nuper
759 1077 1034 1118 constitutionem,
1054 1077 1130 1110 514.

459 1131 539 1165 Cuin
560 1142 618 1165 nos
638 1143 754 1176 nuper,
779 1142 848 1175 pro,
868 1130 945 1165 458.

459 1184 538 1218 Cum
560 1196 618 1218 nos
639 1197 709 1230 per,
737 1185 813 1218 298.

459 1238 540 1272 Cuin
562 1249 620 1271 nos
641 1249 712 1282 pro,
735 1237 812 1271 967.

459 1291 538 1325 Cum
564 1303 670 1336 nuper
784 1291 814 1324 in
833 1291 938 1325 causis
959 1291 1115 1329 civilibus,
1136 1291 1212 1324 177.

460 1345 541 1379 Curn
569 1357 674 1391 nuper
693 1373 773 1380 ......
798 1347 829 1379 in
851 1346 957 1379 causis
977 1346 1212 1387 criminalibus,

461 1453 542 1486 Cum
558 1464 676 1498 nuper,
700 1465 739 1487 ne
764 1454 945 1494 ord04052.

462 1507 542 1541 Cum
564 1519 669 1551 nuper
690 1519 763 1549 nos,
782 1508 857 1541 224.

461 1560 539 1595 Cuni
561 1573 666 1606 nuper
685 1563 815 1603 nostris,
839 1563 914 1596 226.

460 1615 540 1649 Cun]
561 1627 677 1660 nuper,
701 1622 883 1659 postquam,
905 1616 980 1649 638.

460 1669 552 1709 Cum,
575 1669 616 1702 ol)
637 1669 900 1706 celebrationem,
925 1669 1000 1702 112.

460 1722 552 1763 Cum,
575 1723 616 1756 ob
638 1723 836 1763 innumeras,
855 1722 933 1755 465.

460 1771 540 1805 Cuin
562 1782 655 1811 onus,
680 1771 755 1804 786.

460 1822 539 1855 Cnni
560 1821 725 1864 pastorali,
747 1821 822 1854 267.

461 1870 541 1904 Cutn
554 1870 748 1914 plerumque
765 1870 941 1913 contingat,
960 1870 1037 1904 507.

461 1918 541 1952 Cun]
564 1919 719 1962 priinuin,
742 1919 819 1952 434.

461 1968 540 2001 Cun]
562 1979 621 2012 pro
643 1979 790 2005 munere.
814 1967 890 2001 279.

462 2017 554 2058 Cuni,
578 2017 659 2051 sicut
679 2017 866 2061 accepimus
886 2028 903 2049 a
923 2017 1052 2057 dilecto,
1076 2016 1151 2050 ³003.

461 2065 553 2106 Cum,
563 2066 646 2099 sicut
660 2066 856 2110 accepimus,
867 2065 1218 2106 archiconsraternitas,

462 2163 553 2205 Cuni,
565 2165 648 2198 sicut
660 2164 855 2209 accepimus,
868 2164 1125 2206 confraternitas,
1140 2164 1215 2198 962.

463 2213 554 2254 Cum,
575 2214 658 2247 sicut
678 2213 878 2257 accepimus,
903 2214 1050 2255 dilectus,
1073 2214 1126 2247 67.

462 2261 554 2304 Cum,
569 2263 650 2296 sicut
664 2263 860 2307 accepimus,
878 2263 1067 2297 diversa
1088 2263 1219 2296 Ordinis

508 2313 773 2351 Humiliatorurn,
797 2313 873 2346 695.

463 2361 555 2401 Cuni,
572 2362 654 2395 sieut
669 2362 867 2406 accepimus,
883 2362 1007 2395 diversa
1090 2361 1219 2396 Ordinis

508 2411 679 2452 Minoruin‚
703 2412 778 2445 674.

464 2459 556 2499 Cum,
576 2459 658 2493 sicut
678 2461 875 2504 accepimus,
899 2460 1013 2501 felicis,
1030 2460 1082 2494 60.

463 2508 555 2549 Cum,
577 2509 659 2542 sicut
679 2510 875 2554 accepimus,
898 2510 1067 2553 hospitale,
1095 2509 1170 2543 257.

463 2556 555 2597 Cum,
575 2557 656 2591 sicut
669 2559 867 2603 accepimus,
890 2559 922 2592 in
943 2559 1003 2592 hac
1023 2559 1108 2591 alma
1123 2559 1217 2599 Urbe,

509 2605 585 2640 147.

1098 219 1246 244 BULLARI!
1270 218 1389 243 ROMANI

1254 272 1345 312 Cum,
1359 271 1442 305 sicut
1452 270 1649 315 accepimus,
1663 271 1747 304 inter
1760 277 1895 313 ceteros,
1910 271 1989 306 372.

1254 325 1345 365 Cum,
1363 325 1447 358 sicut
1457 325 1655 369 accepimus,
1674 325 1749 359 licet
1762 326 1908 363 Romani,
1929 326 2006 361 136.

1255 377 1347 418 Cum,
1369 378 1453 412 sicut
1468 378 1666 423 accepimus,
1690 377 1839 412 nonnulli
1853 378 2008 423 episcopi,

1299 431 1377 464 198.

1255 484 1346 525 Cum,
1363 485 1656 529 sicutaccepimus,
1676 485 1827 519 nonnulli
1844 496 1921 519 suae
1934 496 2011 519 con-

1300 537 1466 579 scientiae,
1488 538 1564 572 498.

1256 590 1348 632 Cum,
1372 591 1455 625 sicut
1481 592 1682 636 accepimus,
1714 602 1780 626 non
1813 592 1881 627 sine
1912 592 2011 627 animi

1301 645 1402 678 nostri
1424 645 1637 689 displicentia.
1660 645 1738 679 172.

1256 698 1349 738 Cuni,
1371 699 1456 746 sicut
1475 699 1675 743 accepimus,
1698 710 1764 733 non
1784 700 1853 734 sine
1873 700 2013 734 maxima

1300 752 1400 784 animi
1422 753 1523 785 nostri
1544 753 1762 796 displicentia,
1787 753 1819 787 1.

1256 804 1349 846 Cuni,
1372 805 1454 839 sicut
1473 806 1670 850 accepimus,
1687 813 1870 851 postquam,
1890 807 1966 841 768.

1257 858 1349 899 Cum,
1374 859 1457 892 sicut
1478 860 1682 904 accepimus,
1706 871 1765 904 pro
1780 865 1927 905 tempore.
1948 860 2013 895 exi-

1301 918 1398 954 stens,
1421 912 1497 946 144.

1256 965 1348 1007 Cum,
1372 967 1454 1000 sicut
1469 967 1667 1012 accepimUS,
1680 967 1874 1003 venerabilis
1889 968 2017 1003 confra-

1301 1020 1450 1061 ternitas,
1467 1020 1543 1054 117.

1257 1073 1349 1114 Cum,
1373 1074 1456 1107 sicut
1469 1075 1667 1119 accepimus,
1683 1075 1875 1117 visitatores,
1891 1075 1966 1110 689.

1257 1126 1349 1165 Cum,
1372 1127 1456 1161 sicut
1476 1128 1569 1161 nobis
1590 1129 1742 1171 innotuit,
1761 1130 1805 1171 in,
1829 1129 1905 1163 121.

1257 1180 1349 1221 Cum,
1373 1182 1456 1214 sieut
1476 1182 1569 1215 nohis
1590 1182 1742 1223 innotuit,
1765 1189 1843 1224 tarn,
1866 1183 1943 1217 661.

1257 1234 1349 1275 Cum,
1374 1235 1457 1268 sicut
1478 1246 1543 1268 non
1564 1236 1632 1270 sine
1658 1237 1758 1270 animi
1778 1237 1880 1270 nostri
1901 1236 2014 1281 displi-

1303 1288 1419 1326 centia,
1443 1288 1519 1322 265.

1235 1364 1238 1385 ,
1257 1340 1349 1382 Curn,
1368 1342 1451 1375 sicut
1472 1353 1536 1376 non
1559 1342 1627 1376 sine
1643 1343 1730 1386 gravi
1748 1345 1871 1385 dolore,
1889 1344 1967 1379 507.

1235 1390 1238 1412 ¹
1257 1394 1349 1435 Cu1n,
1373 1396 1455 1429 sicut
1469 1407 1534 1429 non
1554 1397 1622 1430 sine
1649 1408 1766 1441 magna
1791 1399 1891 1432 animi
1912 1399 2014 1433 nostri

1303 1449 1460 1490 molestia,
1484 1449 1560 1483 146.

1258 1501 1337 1535 Cutn
1359 1502 1440 1535 sicut
1461 1513 1578 1547 nuper,
1601 1503 1678 1537 126.

1257 1556 1337 1589 Cuin
1358 1557 1549 1590 venerahilis
1575 1558 1930 1602 arcliiconsraternitas,
1954 1560 2012 1594 29.

1258 1610 1338 1643 Cuni
1360 1611 1444 1644 vices
1548 1623 1584 1645 ex
1604 1613 1714 1654 arinis,
1736 1613 1812 1646 965.

1258 1663 1339 1696 Ctun
1361 1665 1446 1698 vices
1558 1676 1595 1699 ex
1617 1666 1694 1707 illis,
1716 1667 1798 1700 171.»

1258 1717 1470 1760 Cunctorum,
1491 1719 1567 1753 777.

1259 1770 1431 1814 Cupientes
1452 1772 1568 1813 litium,
1591 1773 1668 1807 479.

1259 1825 1433 1869 Cupientes
1454 1826 1588 1860 malitiis
1606 1827 1857 1869 nonnullorum,
1877 1827 1933 1872 qui
1950 1829 2017 1862 sru-

1304 1884 1385 1919 ctus,
1410 1880 1487 1913 511.

1259 1932 1434 1975 Cupientes
1443 1934 1574 1967 malitiis
1581 1935 1826 1976 nonnullorum,
1835 1935 1890 1979 qui
1900 1935 1932 1968 in
1943 1946 2016 1979 pos-

1305 1986 1460 2028 sessione,
1483 1987 1559 2020 127.

1260 2038 1434 2082 Cupientes
1454 2041 1699 2082 mercatoribus,
1715 2041 1792 2076 145.

1260 2092 1445 2136 Cupientes,
1469 2105 1528 2138 pro
1545 2095 1730 2137 commisso,
1753 2095 1830 2129 484.

1260 2146 1445 2190 Cupientes,
1469 2159 1528 2191 pro
1549 2149 1729 2189 communi,
1753 2149 1827 2188 95.λ

1261 2200 1444 2244 Cupientes,
1466 2212 1525 2245 pro
1546 2202 1721 2243 iniunctae,
1743 2202 1819 2237 154.

1260 2259 1443 2302 Cupientes,
1456 2270 1514 2304 pro
1528 2260 1628 2293 nostri
1647 2261 2015 2304 pastoralisossiciicura,

1305 2318 1379 2351 658.
1407 2309 1409 2311 ’

1260 2375 1444 2420 Cupientes,
1464 2387 1522 2420 pro
1538 2379 1638 2410 nostri
1654 2378 1823 2421 pastoralis
1833 2378 1929 2412 officii
1941 2389 2015 2412 mu-

1306 2446 1395 2475 nere,
1419 2434 1493 2468 683.

1260 2493 1434 2536 Cupientes
1454 2492 1646 2537 unicuique,
1670 2494 1723 2527 63.

1259 2549 1433 2594 Cupientes
1448 2555 1482 2583 ut
1502 2550 1672 2592 beneficia,
1694 2550 1772 2584 423.

1235 2611 1241 2666 l
1259 2608 1434 2652 Cupientes
1454 2614 1490 2642 ut
1510 2609 1755 2650 monasterium,
1777 2608 1853 2642 655.
