2237 3100
212 244 260 271 An.
276 245 305 271 c.
330 230 395 274 «56⁷

216 1371 317 1391 Clausum·
328 1376 388 1398 prae-

203 1406 320 1423 servativa&

233 1913 344 1934 Decretum
360 1919 389 1933 ¹1·-

208 1948 283 1967 ulans.

232 2120 341 2141 Clausutao
353 2120 390 2141 dev

208 2154 335 2178 rogatorias.

237 2445 390 2466 observantiae

208 2476 258 2496 laus.

453 232 517 266 562

409 294 514 327 ciendi
542 292 786 326 melioramento
820 289 959 333 praefata
998 285 1162 330 quibusvis

409 346 565 392 personis,
582 346 677 379 etiam
699 343 926 381 cardinalibus,
948 352 1005 385 per
1031 340 1160 373 cosdem

407 401 670 445 praedecessores
685 403 812 430 nostros
832 401 885 428 aut
909 395 989 427 alios
1008 394 1047 427 ad
1068 393 1099 427 id
1115 394 1161 426 sa-

406 455 558 487 cultatcm
579 452 732 484 habentes
758 448 1000 493 quomodolibet
1028 458 1161 481 conces-

406 518 455 540 sas
471 508 587 539 harum
604 504 685 537 serie
702 513 890 536 revocamus
900 502 1158 541 etannullamus,

405 568 433 593 ct
454 559 573 592 nemini
595 559 750 600 deinceps
774 555 943 598 suffragari
972 566 1077 599 posse,
1107 565 1161 587 nc·

404 624 466 655 que
487 613 617 651 debere;
639 622 674 643 ac
692 610 888 653 cuicumque
909 609 1092 641 facultatem
1117 609 1161 641 sa-

404 666 508 699 cieudi
539 664 785 697 nielioramenta
806 662 994 695 huiusmodi
1014 662 1157 702 habenti,

403 719 456 751 illa
477 718 572 751 etiam
594 728 653 761 pro
679 715 859 750 munitione
882 720 913 748 et
928 714 1076 755 tuitione,
1099 714 1159 748 nisi

403 783 439 805 cx
461 782 557 804 causa
578 770 777 803 necessariae
798 768 1050 802 conservationis
1071 768 1159 801 loco-

403 836 475 858 rum
496 823 700 863 eorumdem,
727 823 808 855 sacta
835 820 973 861 suerint,
1000 827 1071 865 post
1098 832 1159 864 pu-

402 878 608 912 blicationem
638 876 857 920 praesentium
886 875 992 908 facere
1027 875 1160 908 omnino

403 932 627 965 interdicimus
655 942 692 964 ac
726 930 949 975 prohibemus3
972 934 1000 962 et
1022 928 1046 961 si
1068 939 1160 962 secus

402 997 419 1019 a
440 997 606 1029 quoquam
634 985 754 1018 sactum
788 988 1016 1017 attentatumve
1048 982 1157 1022 fuerit,

402 1040 648 1073 melioramenta
664 1048 892 1083 quaecumque
903 1047 962 1081 per
978 1047 1032 1070 eos
1048 1042 1160 1069 eontra

403 1100 547 1127 tenorem
569 1093 787 1137 praesentium
809 1092 891 1124 sacta
909 1091 989 1124 locis
1010 1090 1086 1134 ipsis
1106 1101 1158 1123 cc—

401 1148 489 1187 dere,
510 1153 540 1180 et
560 1147 727 1180 Cameram
752 1146 791 1178 ad
812 1145 944 1177 illorum
970 1143 1158 1176 satisfactio-

402 1211 476 1233 nem
509 1200 642 1233 minime
685 1198 787 1232 teneri
830 1203 861 1231 et
888 1197 1061 1240 obligatam
1091 1207 1159 1230 esse

401 1255 551 1287 volumus
570 1259 598 1286 et
621 1253 838 1286 declaramus.

446 1308 460 1351 ξ
481 1308 511 1341 5.
534 1308 751 1341 Decernentes
763 1304 1081 1350 praesentesliteras,
1100 1303 1159 1337 sub

402 1360 566 1405 quibusvis
596 1359 870 1399 revocationibus,
908 1357 1158 1397 cassationibus‚

403 1413 666 1457 derogationibus
700 1418 730 1446 et
761 1412 832 1445 aliis
859 1411 1029 1445 contrariis
1056 1410 1160 1454 dispo-

403 1467 584 1508 sitionibus,
601 1467 660 1500 sul)
678 1465 843 1510 quibusvis
863 1464 1030 1498 tenoribus
1049 1470 1080 1497 et
1100 1464 1160 1497 sor-

403 1521 474 1561 mis,
508 1532 544 1553 ac
575 1531 649 1553 (zum
674 1519 839 1563 quibusvis
866 1517 1019 1551 clausulis
1050 1522 1080 1550 et
1109 1518 1161 1550 dc-

403 1574 497 1608 cretis
527 1585 584 1618 pro
616 1579 761 1617 tempore
790 1571 1036 1616 quomodolibet
1055 1571 1158 1611 sactis,

404 1628 537 1661 mininie
558 1626 805 1672 comprehendi,
828 1626 882 1659 sed
899 1636 1028 1669 semper
1044 1625 1082 1658 ab
1098 1625 1161 1658 illis

403 1688 561 1726 exceptas,
574 1688 601 1715 et
615 1681 823 1725 quotiesillae
840 1679 1049 1720 emanabant,
1068 1680 1161 1713 toties

403 1737 435 1768 in
456 1736 628 1780 pristinum
650 1741 767 1769 statum
788 1734 949 1767 restitutas
969 1739 996 1767 et
1018 1734 1056 1767 de
1079 1744 1160 1767 novo

405 1800 573 1822 concessas
593 1800 660 1821 esse
682 1794 712 1821 ct
732 1788 856 1821 censeri
877 1788 1007 1821 debere.

448 1844 462 1886 ξ
483 1844 513 1877 6.
548 1843 677 1876 Irritum
699 1853 824 1887 quoque
852 1847 881 1875 et
906 1842 1001 1875 inane
1023 1842 1047 1875 si
1069 1853 1162 1877 secus

405 1908 503 1941 super
522 1898 572 1931 his
592 1908 609 1930 a
633 1907 812 1940 quoquam,
830 1896 940 1940 quavis
955 1896 1158 1937 auctoritate,

405 1951 544 1984 scienter
572 1952 619 1985 vel
638 1951 836 1994 ignoranter,
860 1951 1031 1993 contigerit
1057 1956 1160 1984 atten-

406 2005 477 2037 tari.

449 2059 514 2103 {T
542 2055 633 2092 Non*
644 2057 844 2091 obstantibus
876 2058 1162 2092 constitutionibus

405 2117 435 2145 et
456 2112 713 2146 ordinationilnis
730 2111 926 2155 apostolicis,
944 2123 979 2145 ac
997 2112 1161 2145 civitatum

405 2172 434 2199 et
446 2167 594 2199 locorum
608 2166 863 2210 praedictorum,
877 2165 1072 2207 iuramento,
1086 2177 1162 2200 con-

406 2220 588 2253 firmatione
614 2219 791 2264 apostolica
818 2219 866 2252 vel
884 2219 994 2262 quavis
1010 2220 1161 2254 firmitate

405 2274 467 2306 alia
487 2274 658 2311 roboratis,
677 2274 801 2306 statutis
821 2278 851 2306 et
871 2274 1161 2308 consuetudinibus

407 2328 586 2371 ceterisque
607 2327 779 2361 contrariis
796 2327 1069 2371 ‹⁷1uil)uscumque.

451 2382 464 2424 ξ
486 2381 517 2413 8.
553 2381 603 2415 Sic
629 2382 728 2424 igitur
744 2381 921 2414 devotionis
940 2386 971 2413 et
991 2381 1065 2414 fidei
1086 2392 1162 2415 con-

407 2430 521 2463 stantia
538 2431 700 2463 civitatum
726 2436 757 2463 et
778 2431 925 2463 locorum
942 2429 1161 2473 praefatorum

407 2490 482 2522 erga
502 2490 561 2512 nos
581 2485 608 2512 et
628 2490 831 2513 successores
851 2483 978 2512 nostros
1012 2484 1041 2512 et
1072 2490 1161 2512 cam-

408 2528 480 2561 dem
497 2528 676 2561 Romanam
697 2529 874 2562 Ecclesiam
903 2534 1097 2572 perseveret,
1127 2534 1162 2562 ut

407 2577 522 2610 merito
550 2577 741 2619 integritatis
765 2577 865 2610 virtus
892 2577 1015 2610 maiora
1044 2577 1162 2611 benefi-

408 2627 455 2659 cia
472 2626 510 2659 ab
539 2626 651 2660 eadem
666 2626 746 2661 Sede
763 2627 918 2671 consequi
940 2632 1114 2660 mereatur.

1006 231 1185 258 BULLARIUM
1208 230 1359 261 ROMANUM

1249 285 1264 327 ς
1283 284 1315 317 9.
1338 284 1494 317 Volumus
1505 287 1613 316 autem
1623 283 1722 326 quod,
1745 283 1826 317 sicut
1846 294 1959 318 onmes

1204 343 1235 370 ct
1255 336 1372 379 singuli
1393 336 1573 369 cardinales
1593 342 1777 379 praesentes
1803 338 1959 373 constitu-

1205 391 1324 423 tionem
1348 389 1549 430 huiusmodi,
1571 395 1729 432 quantum
1754 390 1788 423 in
1812 392 1858 425 eis
1885 393 1957 433 erit,

1204 444 1388 483 ohservare,
1412 443 1523 486 illique
1553 452 1619 475 non
1647 445 1880 486 contravenire,
1900 456 1961 480 nec

1204 496 1415 529 Pontificibus
1435 495 1742 529 contrafacientibus
1764 499 1959 540 consentire,

1202 555 1258 582 aut
1285 550 1523 583 ahsolutionem
1549 560 1566 582 a
1595 550 1777 583 iuramento
1807 552 1961 595 praestito

1203 614 1267 636 non
1281 608 1403 646 petere,
1414 613 1474 636 nee
1486 603 1625 636 oblatam
1641 607 1695 635 aut
1707 613 1894 638 concessam
1909 616 1961 639 ac-

1203 662 1344 700 ceptare,
1362 656 1399 689 in
1412 656 1602 690 consistorio
1619 662 1729 691 nostro
1745 663 1868 692 secreto
1886 670 1961 704 pro-

1202 710 1361 743 miserunt
1386 715 1416 743 et
1446 711 1607 749 iurarunt,
1630 710 1714 743 idem
1737 721 1794 754 per
1813 712 1960 747 absentes

1203 763 1383 797 cardinales
1413 774 1431 796 a
1456 763 1664 805 consistorio,
1692 765 1726 797 in
1762 764 1960 801 habitatione

1202 827 1329 858 eorum,
1357 822 1387 850 et
1411 828 1429 850 a
1454 817 1598 851 Romana
1625 817 1733 859 Curia,
1756 823 1791 852 ut
1815 821 1961 862 quando-

1976 225 2025 253 An.
2042 225 2073 254 C.
2092 225 2159 254 {567
2228 200 2237 238 '¹

2016 286 2159 308 {uramentum

1974 324 1987 338 a
2017 319 2160 340 cardioribus

1974 352 2083 376 praestan.
2121 356 2160 376 pro

1976 380 2113 402 observantia
2121 381 2161 403 hu-

1978 411 2011 432 ius
2027 413 2162 433 constitutio-

1976 443 2016 468 uis,

1202 882 1343 914 cumque
1359 871 1397 904 ad
1408 871 1555 904 eamdem
1565 871 1696 905 Curiam
1706 882 1739 905 se
1749 873 1957 915 contulerint,
1987 883 1997 890 ·

1202 935 1238 957 ac
1260 935 1318 968 per
1338 924 1466 957 futuros
1484 935 1542 968 pro
1558 930 1705 968 tempore
1722 925 1913 968 cardinales,
1927 927 1960 961 in

1202 977 1423 1021 assumptione
1444 977 1531 1021 pilei,
1553 978 1699 1022 promitti
1728 983 1758 1012 et
1781 978 1882 1013 iurari
1902 980 1959 1014 de-

1201 1031 1290 1071 beat,
1323 1042 1360 1063 ac
1399 1030 1647 1075 promissionem
1677 1036 1708 1064 et
1740 1031 1959 1067 iuramentum

1201 1083 1389 1117 huiusmodi
1400 1084 1434 1116 in
1445 1084 1549 1117 forma
1567 1084 1741 1117 iuramenti
1760 1095 1818 1129 per
1829 1086 1959 1120 eosdem

1202 1137 1384 1170 cardinales
1399 1137 1556 1182 praestari
1575 1137 1659 1170 soliti
1680 1138 1812 1181 adiungi
1820 1143 1851 1172 et
1860 1138 1959 1173 inseri

1202 1191 1338 1231 debere3
1368 1202 1405 1224 ac
1433 1190 1702 1225 contrafacientes
1727 1202 1866 1237 poenam
1882 1203 1957 1237 per-

1202 1244 1277 1277 iurii
1311 1249 1341 1277 et
1366 1250 1543 1289 perpetuae
1563 1245 1714 1278 infamiae
1733 1245 1813 1279 iuris
1831 1251 1864 1280 et
1882 1246 1958 1280 sacti

1202 1308 1240 1330 eo
1256 1298 1326 1341 ipso
1347 1297 1515 1331 incurrere
1536 1298 1754 1332 decernimus.
1782 1299 1958 1344 Propterea

1202 1351 1287 1394 quod
1310 1351 1368 1394 ipsi
1390 1351 1582 1393 cardinales,
1608 1357 1800 1386 occurrente
1820 1353 1957 1397 Aposto-

1202 1404 1282 1437 licae
1300 1404 1390 1438 Sedis
1409 1405 1584 1445 vacatione,
1601 1405 1633 1438 in
1650 1406 1806 1447 conclavi,
1828 1407 1958 1451 quando

1202 1458 1241 1490 de
1262 1457 1468 1492 observandis
1489 1458 1588 1492 literis
1607 1459 1680 1492 Iulii
1695 1459 1799 1504 Papae
1813 1460 1852 1501 ΙΙ,
1874 1471 1959 1505 prae-

1203 1511 1381 1545 decessoris
1397 1512 1510 1553 nostri,
1527 1523 1625 1556 super
1645 1513 1803 1547 electione
1822 1514 1959 1549 Romani

1202 1564 1366 1599 Pontificis
1400 1571 1430 1599 et
1457 1565 1526 1599 aliis
1560 1567 1844 1601 constitutionibus
1869 1568 1959 1602 iura-

1203 1625 1349 1654 mentum
1370 1627 1534 1665 praestare
1550 1621 1665 1662 solent,
1688 1621 1785 1655 etiam
1805 1622 1844 1655 de
1860 1621 1961 1657 invio-

1203 1675 1342 1709 labiliter
1352 1675 1549 1709 observanda
1561 1676 1713 1720 praesenti
1729 1676 1959 1711 constitutione

1204 1734 1324 1770 nostra,
1347 1740 1405 1773 per
1421 1730 1599 1774 quemlibet
1619 1740 1746 1770 eorum,
1768 1730 1825 1774 qui
1844 1730 1878 1764 in
1892 1731 1957 1765 Ro-

1204 1799 1337 1821 manum
1357 1788 1546 1822 Pontificem
1563 1790 1686 1822 electus
1701 1789 1809 1830 fuerit,
1827 1795 1857 1822 et
1869 1794 1958 1833 post-

1204 1842 1337 1875 modum
1363 1841 1447 1875 idem
1476 1842 1513 1874 ad
1541 1842 1659 1875 summi
1675 1843 1888 1886 ‘pontificatus
1910 1843 1958 1876 sa-

1203 1895 1333 1938 stigium
1354 1901 1549 1940 assumptus,
1573 1901 1645 1940 post
1669 1896 1739 1930 eius
1764 1896 1958 1942 assumptio-

1203 1960 1290 1989 nem,
1309 1950 1370 1983 hoc
1387 1949 1494 1994 ipsum
1514 1949 1704 1993 promittere
1725 1961 1762 1984 ac
1782 1950 1903 1992 iurare,
1929 1957 1960 1986 et

1203 2003 1318 2036 deinde
1339 2008 1411 2047 post
1427 2003 1671 2037 coronationem
1692 2015 1796 2046 suam,
1818 2005 1959 2049 promis-

1204 2056 1327 2090 sionem
1348 2063 1379 2091 et
1398 2056 1617 2091 iuramentum
1641 2058 1829 2093 huiusmodi
1844 2070 1904 2104 per
1918 2058 1957 2092 li-

1204 2116 1286 2144 teras
1302 2122 1376 2145 suas
1396 2111 1552 2155 speciales
1565 2111 1681 2145 harum
1700 2113 1958 2147 confirmatorias

1203 2165 1358 2199 reiterare
1378 2165 1504 2199 debeat.
1524 2165 1615 2205 Quod
1628 2165 1744 2199 siillud
1764 2177 1781 2199 a
1801 2166 1957 2201 Pontifice

1203 2219 1303 2263 (quod
1340 2219 1539 2253 credendum
1567 2230 1632 2254 non
1662 2221 1727 2264 cst)
1753 2221 1958 2255 recusabitur

1203 2278 1259 2306 aut
1287 2273 1472 2314 differetur,
1502 2279 1579 2307 tunc
1608 2273 1682 2307 dicti
1707 2274 1897 2315 cardinales,
1923 2274 1957 2309 in

1203 2327 1310 2372 primo
1336 2328 1527 2361 consistorio
1556 2332 1693 2368 secreto,
1723 2333 1754 2361 et
1782 2328 1958 2372 praecipue

1204 2391 1318 2414 eorum
1346 2381 1489 2414 decanus
1508 2386 1538 2414 et
1559 2382 1663 2425 capita
1689 2381 1845 2415 Ordinum
1871 2382 1957 2426 apud

1204 2441 1278 2463 eum
1299 2430 1387 2464 omni
1412 2438 1486 2464 cum
1511 2431 1661 2464 instantia
1680 2435 1711 2464 et
1730 2430 1957 2466 instantissime

1204 2492 1262 2525 pro
1284 2479 1503 2524 praesentium
1539 2479 1761 2514 observatione
1786 2485 1896 2524 petere
1927 2487 1957 2514 et

1204 2540 1319 2574 rogare
1350 2540 1387 2562 ac
1413 2530 1564 2563 obtestari
1598 2540 1664 2563 non
1693 2534 1828 2570 cessent,
1858 2529 1956 2573 idque

1204 2585 1237 2612 ut
1261 2578 1394 2613 omnino
1421 2579 1549 2619 efficiat,
1577 2577 1819 2621 diligentissime
1840 2589 1955 2614 curare·-

1204 2630 1363 2670 studeant,
1384 2628 1553 2663 statuimus
1569 2633 1599 2663 et
1619 2627 1817 2663 ordinamus.

1999 1312 2024 1334 Et
2053 1314 2115 1335 ettam
2145 1321 2158 1336 ι

1972 1343 2077 1367 Pontifico
2110 1344 2158 1367 eto-

1973 1378 2015 1397 cio.

2224 2551 2234 2562 κ
2226 2523 2237 2542 -ι
2234 2510 2237 2515 .
2232 2494 2237 2502 .
2222 2447 2237 2488 -sae
2218 2381 2237 2441 2⁴21ssss
2216 1542 2237 2374 rasa-atshffliifflA—›ffisu-„n-ffluffla.
2224 1513 2237 1536 „⁴
2233 1482 2237 1504 .-

2221 350 2237 665 ἒ

2224 669 2237 702 ,4

2226 906 2237 967 „mm-

2228 1430 2237 1463 mm
2233 1418 2237 1424 .
2221 1351 2237 1410 *In-is·
2228 1292 2237 1345 aaa.
2223 969 2237 1285 .-.⁴.-m5m1fi„n.dss2m

2225 2644 2237 2706 van.

2223 2932 2225 2934 ¹
2219 2892 2233 2902 ἰ
2222 2866 2235 2884 ‹-
2213 2711 2237 2861 <swas-¹⁰42*
