2237 3100
261 260 312 286 An.
333 259 362 286 c.
376 259 443 287 ¹562
500 250 565 285 242

261 352 328 374 rogan

272 1499 320 1520 sota
336 1501 443 1526 signatura

259 1532 342 1553 sutficit

459 365 551 405 ditis,
582 366 788 409 generalibus
807 367 854 399 vel
875 367 1078 409 specialibus,
1091 367 1208 399 consti-

460 418 637 452 tutionibus
656 424 684 452 et
706 419 976 456 ordinationibus,
994 430 1031 453 ac
1047 421 1207 456 locorum,

459 472 621 505 civitatum
642 477 670 504 et
691 472 940 515 provinciarum,
961 472 993 505 in
1014 473 1131 517 quibus
1151 484 1209 506 no-

458 524 530 557 tarii
560 525 694 557 existent
726 526 774 557 rel
803 530 992 559 testamenta
1025 526 1210 560 huiusmodi

459 577 604 611 confecta
624 577 754 615 fuerint,
777 578 958 611 iuramento
981 583 1053 619 etc„
1077 580 1210 613 robora-

459 630 508 670 tis,
532 631 656 663 statutis
672 631 1016 671 etconsuetudiniluls,
1038 633 1211 676 privilegiis

458 693 602 726 quoque,
620 683 751 716 indultis
771 690 801 717 et
820 685 921 717 literis
937 686 1132 728 apostolicis,
1151 687 1210 719 sul·

458 735 720 779 quibuscumque
733 738 899 771 tenoribus
916 743 945 771 et
961 739 1072 772 formis
1088 751 1123 773 ac
1136 752 1210 773 cum

457 789 634 833 quibusvis,
645 790 739 823 etiam
752 791 1028 834 derogatoriarum
1041 793 1210 837 derogato-

457 842 532 882 riis,
555 842 821 888 irritantibusque
855 850 883 877 et
909 845 979 878 aliis
998 847 1151 887 decretis.
1175 858 1210 881 ac

458 896 656 930 efficaciores
689 902 720 930 et
753 897 897 931 insolitas
930 899 1091 933 clausulas
1120 900 1151 933 in
1179 912 1211 934 se

458 949 676 990 continentes,
699 961 840 994 quorum
866 956 995 985 tenores
1019 957 1075 986 etc.
1098 954 1210 987 haberi

456 1002 606 1035 volumus
626 1013 684 1047 pro
710 1004 884 1047 expressis,
907 1005 1025 1048 quibus
1046 1007 1207 1049 omnibus,

456 1054 551 1087 etiam
573 1055 610 1095 si,
640 1067 699 1099 pro
727 1056 858 1090 illorum
883 1059 1053 1092 sufficienti
1075 1061 1209 1104 deroga-

456 1106 560 1148 tione,
581 1109 620 1142 de
640 1109 703 1142 illis
724 1120 904 1155 eorumque
938 1112 1011 1145 totis
1044 1114 1211 1147 tenoribus

458 1161 615 1204 specialis,
636 1162 806 1207 specifica,
829 1174 978 1208 expressa
999 1171 1027 1198 et
1048 1166 1210 1201 individua

457 1218 513 1247 etc.
546 1215 668 1248 mentio
701 1216 848 1249 habenda
873 1223 929 1250 aut
948 1218 1054 1261 aliqua
1075 1220 1136 1253 alia
1156 1231 1209 1254 ex-

457 1266 574 1310 quisita
593 1268 697 1301 forma
718 1269 756 1301 ad
778 1269 839 1302 hoc
860 1271 1014 1304 servanda
1034 1272 1127 1313 foret,
1150 1274 1210 1307 hac

455 1318 523 1352 vice
560 1320 748 1361 dumtaxat,
780 1321 999 1365 derogamus,
1032 1327 1210 1370 ceterisque

458 1372 627 1405 contrariis
646 1373 920 1419 quibuscumque.

501 1425 566 1469 55.
594 1426 750 1459 Volumus
773 1432 880 1460 autem
914 1430 1001 1473 quod
1034 1432 1211 1474 praesentis

456 1485 563 1513 motus
600 1480 725 1524 proprii
758 1481 825 1514 sola
855 1483 1019 1526 signatura
1052 1487 1208 1527 sufficiat,

457 1533 592 1578 eiusque
617 1535 874 1578 exemplaribus,
899 1537 995 1570 etiam
1024 1538 1208 1583 impressis,

456 1598 556 1622 manu
576 1589 739 1624 secretarii
763 1589 864 1632 ipsius
893 1592 1020 1635 collegii
1049 1599 1080 1626 et
1108 1595 1211 1638 sigillo

456 1644 618 1686 praefatae
651 1643 792 1676 fabricae
825 1645 978 1686 munitis,
1000 1646 1112 1679 eadem
1133 1648 1212 1682 tides

456 1695 489 1728 in
514 1697 634 1731 iudicio
655 1702 687 1730 et
707 1702 794 1730 extra
814 1698 1017 1739 adhibeatur,
1039 1712 1112 1745 quae
1132 1713 1212 1746 prae-

457 1751 537 1784 senti
559 1752 661 1785 motui
683 1752 814 1797 proprio
836 1753 1056 1795 adhiberetur,
1083 1755 1108 1787 si
1132 1762 1213 1790 esset

457 1804 657 1847 originaliter
676 1806 839 1839 exhibitus
857 1808 906 1840 vel
926 1813 1083 1842 ostensus.

611 1859 730 1900 Placet,
753 1865 842 1893 motu
863 1861 1008 1906 proprio.
1031 1863 1053 1895 1.

500 1912 615 1945 Datum
640 1913 760 1947 Romae
781 1916 866 1958 apud
888 1916 1040 1951 Sanctum
1061 1918 1210 1961 Petrum,

456 1967 698 2011 decimoquinto
719 1968 871 2002 kalendas
891 1971 1042 2013 ianuarii,
1061 1986 1146 2010 anno
1163 1988 1208 2011 111.

516 2024 577 2054 Dat.
594 2025 640 2054 die
659 2025 695 2054 18
712 2026 773 2056 dec.
791 2027 881 2063 1552,
902 2028 1003 2067 pontif.
1019 2039 1095 2059 anno
1112 2040 1151 2061 ιιι.

767 2145 896 2179 LXXIX.

458 2202 627 2236 Revocatio
647 2204 887 2246 exemptiommz
908 2215 927 2236 α
942 2205 1099 2238 solutione
1115 2207 1213 2239 dolea-

502 2267 564 2289 nae
582 2256 688 2297 Urbis,
711 2258 967 2301 qm'buscumque,
986 2264 1211 2304 praeterquam

501 2310 577 2343 locis
592 2312 670 2354 piis,
686 2322 918 2351 concessarum,
945 2312 992 2345 vel
1009 2313 1044 2345 in
1064 2315 1214 2356 capitulis

503 2364 653 2397 dohanae
691 2376 915 2408 escpressarum
931 2377 942 2405 ,¹
963 2358 1003 2398 ⁴et
1037 2367 1213 2400 declaratio

503 2418 607 2460 quoad
626 2419 841 2462 eoeemptiones
860 2419 896 2451 ob
913 2429 1081 2452 numerum
1097 2421 1212 2454 ‹laode-

504 2471 566 2504 cz'm
583 2471 737 2514 filiorum.

576 2535 637 2563 rius
656 2536 726 2570 Papa
745 2535 788 2570 tv,
810 2537 885 2565 motu
903 2537 1025 2572 proprio,
1050 2538 1105 2565 etc.

504 2587 591 2622 Licet
610 2588 711 2621 felicis
739 2589 972 2623 recordationis
991 2590 1117 2623 Paulus
1129 2591 1213 2634 Papa

460 2641 584 2683 tertius,
606 2642 835 2688 praedecessor
854 2648 963 2677 noster
980 2670 987 2683 ‚
1018 2643 1214 2678 rationabili-

1053 243 1231 287 inzmmriu
1256 262 1405 286 ROMANUM

286 316 401 339 Contrariis
410 318 445 339 de-
459 312 709 356 provincialibus
732 318 761 346 et
787 313 991 357 synodalibus
1011 314 1156 347 conciliis
1176 325 1209 347 e·
1251 313 1311 346 bus
1326 313 1431 346 causis
1445 313 1674 356 praenarratis,
1694 318 1816 346 motum
1834 311 2003 356 proprium
2054 319 2120 340 Causa
2152 324 2206 339 eon-

2018 260 2066 286 An.
2084 259 2112 286 C.
2132 259 2200 287 1562

1252 366 1398 403 ediderit:
1420 366 1632 400 nihilominus
1650 372 1737 399 tanta
1765 371 1809 399 est
1834 365 2005 399 hominum
2021 353 2146 370 ⁵¹¹¹⁰¹¹⁰⁰'⁵'

1252 419 1489 462 importunitas,
1507 426 1540 453 ut
1562 420 1657 452 etiam
1678 430 1695 452 a
1715 425 1926 464 procuratore
1946 429 2006 451 no-

1252 477 1317 505 stro
1351 472 1452 505 fiscali
1485 472 1578 505 nobis
1612 472 1669 505 fuit
1707 472 1885 516 expositum
1919 471 2005 515 quod

1253 525 1372 559 multae
1406 525 1526 558 similes
1551 531 1581 559 et
1614 525 1785 559 dissimiles
1818 535 2006 569 praenarra-

1253 584 1302 611 tae
1323 579 1541 623 exemptiones
1569 584 1690 623 postea,
1713 584 1777 612 tam
1811 579 1850 611 ab
1871 578 2007 623 ipsomet

1252 633 1352 666 Paulo
1385 633 1482 666 tertio
1512 644 1609 676 quam
1631 644 1648 666 a
1667 633 1748 667 Iulio
1774 632 1868 666 tertio
1885 659 1893 673 ,
1924 632 2006 665 Mar-

1253 686 1334 719 cello
1355 686 1498 719 secundo
1515 691 1545 719 et
1564 686 1664 719 Paulo
1679 692 1794 730 quarto
1814 685 2008 718 successori—

1252 739 1312 772 bus
1329 739 1539 773 Pontificibus
1558 746 1587 772 et
1608 740 1702 773 etiam
1724 751 1741 773 a
1773 739 1876 779 nobis,
1912 738 2007 772 etiam

1253 792 1313 824 sub
1334 792 1497 835 signatura
1513 798 1620 826 motus
1635 793 1771 837 proprii⁷
1790 797 1931 826 extortae
1942 792 2009 825 sue-

1253 851 1341 886 runt,
1364 846 1449 879 unde
1465 846 1611 879 dohanae
1627 846 1731 887 Urbis,
1745 846 1941 889 illarumque
1950 845 2008 879 do-

1253 898 1377 931 hanerii
1394 898 1427 930 in
1447 898 1575 931 easdem
1588 904 1615 931 et
1630 899 1737 932 forsan
1748 898 1898 939 maiores,
1911 909 2008 942 quam

1253 950 1285 983 in
1306 951 1505 995 praeinserto
1536 957 1721 992 narrantur,
1756 951 1960 985 difficultates
1979 957 2010 984 et

1254 1004 1487 1037 controversias
1507 1005 1614 1037 denuo
1635 1004 1830 1045 inciderunt,
1844 1015 1919 1038 cum
1939 1015 2008 1037 ma-

1252 1067 1315 1100 gno
1351 1057 1446 1090 etiam
1480 1062 1591 1091 nostro
1626 1062 1656 1090 et
1675 1057 1827 1090 Gamerae
1847 1056 2009 1101 praefatae

1254 1110 1465 1155 praeiudicio,
1487 1122 1561 1144 cum
1583 1111 1692 1144 omnia
1710 1111 1840 1144 tandem
1860 1110 1893 1144 in
1909 1110 2010 1154 ipsius

1252 1164 1404 1197 Gamerae
1425 1164 1654 1198 detrimentum
1675 1169 1936 1207 retorqueantur.

1297 1218 1312 1260 ξ
1331 1218 1362 1250 «1.
1385 1217 1448 1250 Nos
1468 1217 1566 1261 igitur
1586 1218 1707 1251 eisdem
1726 1245 1733 1259 ,
1764 1217 1882 1261 quibus
1915 1227 2008 1261 prae·
2051 1235 2165 1258 Romano
2182 1242 2207 1258 e-

1254 1271 1336 1303 fatus
1351 1270 1470 1304 Paulus
1480 1271 1721 1315 praedecessor,
1744 1276 1775 1304 et
1784 1270 1854 1304 aliis
1868 1270 2009 1304 rationa-
2024 1267 2140 1293 ¹⁰¹¹¹⁹¹³⁰¹¹‘
2155 1273 2209 1294 ‘¹¹¹⁰'

2024 1298 2050 1317 ad
2081 1297 2113 1318 sol
2130 1299 2144 1318 fi
2161 1304 2187 1318 ne

1253 1323 1373 1356 bilibus
1392 1324 1538 1356 animum
1559 1329 1706 1357 nostrum
1734 1323 1938 1357 moventibus
1957 1334 2009 1356 ra·
2026 1304 2158 1350 iamfati}
2168 1305 2209 1350 Ui?

1253 1376 1395 1410 tionibus
1412 1382 1441 1410 et
1457 1377 1573 1417 causis,
1585 1383 1616 1410 et
1631 1377 1819 1422 praesertim
1837 1377 1912 1420 quia
1922 1387 2010 1410 nunc
2024 1359 2208 1418 ζἰῗοῗωζῖξέιῗξ

1254 1430 1357 1463 multo
1377 1431 1488 1474 plures
1511 1436 1585 1464 sunt
1606 1442 1642 1463 ex
1666 1430 1876 1475 proventibus
1907 1429 2009 1463 dicta·
2024 1422 2209 1474 ἓξῗωῦξῆζξζῗξ

1253 1494 1327 1516 rum
1347 1484 1550 1517 dohanarum
1565 1484 1598 1517 in
1615 1489 1720 1517 certos
1736 1495 1815 1517 usus
1833 1494 1892 1527 per
1906 1483 2010 1528 ipsam
2024 1484 2209 1539 gfflruffl'dssfss

1254 1535 1421 1570 Cameram
1450 1538 1629 1580 assignatae
1662 1548 1809 1571 summae
1827 1564 1834 1579 ‚
1861 1537 1904 1571 ita
1923 1538 2011 1582 quod
2026 1550 2141 1566 cessatum-

1254 1591 1335 1623 nihil
1356 1597 1451 1624 restat
1472 1591 1557 1625 unde
1578 1602 1736 1632 summae,
1758 1602 1817 1636 pro
1833 1591 2010 1635 exemptio-

1254 1644 1350 1678 nibus
1376 1645 1589 1685 huiusmodi,
1627 1645 1779 1678 defalcari
1798 1671 1805 1685 ,
1841 1645 1926 1678 sumi
1954 1656 2011 1679 seu

1255 1698 1379 1731 detrahi
1401 1699 1548 1742 possint,
1595 1709 1707 1732 omnes
1746 1705 1775 1732 et
1809 1699 1952 1742 singulas
1971 1699 2011 1732 li-

1255 1756 1301 1783 tes
1338 1756 1369 1784 et
1393 1762 1531 1790 causas,
1568 1751 1821 1795 praemissorum
1842 1752 2013 1786 occasione

1255 1805 1498 1848 quomodolibet
1546 1806 1578 1838 in
1607 1815 1815 1849 quacumque
1862 1805 2013 1839 instantia

1256 1863 1283 1890 et
1318 1868 1427 1891 coram
1452 1858 1714 1901 quibuscumque
1747 1857 1911 1892 iudicibus
1931 1869 2011 1903 pen-

1255 1911 1366 1945 dentes
1383 1939 1390 1953 ,
1426 1912 1465 1945 ad
1486 1923 1544 1945 nos
1578 1912 1646 1956 pari
1685 1912 1782 1945 modo
1819 1912 2013 1946 advocamus

1256 1972 1285 1999 et
1329 1967 1559 2010 extinguimus.
1603 1966 1787 2010 Omnesque
1829 1973 1860 2001 et
1900 1968 2011 2011 singu-

1256 2022 1301 2054 las
1321 2021 1439 2064 gratias
1465 2032 1521 2065 per
1541 2032 1765 2065 quoscumque
1786 2021 2012 2066 praedecesso·

1256 2086 1306 2108 res
1327 2081 1453 2109 nostros
1473 2081 1502 2109 et
1523 2076 1618 2108 etiam
1640 2086 1698 2120 per
1718 2086 1776 2109 uos
1808 2077 2012 2121 quomodoli-

1255 2130 1306 2163 bet
1319 2135 1348 2163 et
1366 2141 1402 2163 ex
1418 2140 1625 2173 quacumque
1636 2130 1732 2163 etiam
1749 2130 1887 2164 maxima
1899 2141 2008 2172 causa,

1256 2190 1384 2228 praeter
1404 2195 1568 2227 expressas
1579 2184 1611 2217 in
1633 2184 1783 2229 capitulis
1803 2184 1887 2218 inter
1897 2185 2008 2219 Came-

1257 2248 1324 2270 ram
1335 2244 1363 2270 et
1374 2237 1569 2271 dohanerios
1581 2237 1739 2281 praefatos
1754 2238 1923 2282 stipulatis,
1934 2249 2009 2271 con-

1257 2302 1360 2324 cessas
1380 2292 1612 2335 exemptiones,
1635 2292 1855 2324 immunitates
1880 2302 1917 2324 ac
1946 2293 2009 2335 pri-

1255 2346 1380 2389 vilegia,
1408 2346 1513 2390 quoad
1534 2346 1692 2389 praefatas
1708 2346 1810 2378 almae
1831 2345 1925 2378 Urbis
1953 2346 2008 2380 do—

1256 2400 1367 2439 hanas,
1390 2410 1569 2443 earumque
1590 2399 1791 2432 dohanarum
1803 2399 2007 2440 solutionem,

1256 2454 1283 2481 et
1310 2449 1525 2482 inviolabilem
1560 2447 1812 2481 observationem
1846 2447 2007 2482 dictorum

1256 2498 1473 2541 capitulorum
1495 2508 1569 2530 cum
1586 2496 1771 2530 dohaneriis
1785 2497 2008 2540 praesentibus

1256 2551 1283 2578 et
1300 2546 1418 2579 suturis
1434 2557 1491 2589 per
1508 2546 1654 2579 eamdem
1669 2544 1835 2578 Cameram
1847 2545 2005 2580 factorum

1256 2600 1283 2627 et
1306 2596 1540 2635 faciendorum,
1564 2599 1788 2639 praeterquam
1809 2604 1869 2638 pro
1894 2594 1957 2638 piis
1976 2602 2004 2629 et

1255 2644 1496 2677 miserabilibus
1507 2644 1598 2684 locis,
1617 2648 1645 2676 et
1666 2653 1725 2687 pro
1745 2643 1808 2676 illis
1828 2643 2003 2686 dumtaxat,
