2237 3100
967 292 1036 318 rit-s
1059 294 1089 317 iv
1114 291 1160 316 pr.
1758 275 1795 313 91
1862 287 1910 314 An.
1928 287 1957 314 c.
1978 285 2046 314 1560

1090 348 1226 388 mittant,
1244 347 1299 391 qui
1312 345 1456 390 ipsorum
1472 344 1602 377 nominc
1620 343 1665 375 illi
1684 343 1842 382 intersint3

1091 407 1269 445 curentque
1290 400 1460 443 diligenter
1485 410 1543 442 pro
1564 410 1621 431 sua
1644 397 1780 441 pietate,
1812 402 1846 429 ut

1091 468 1128 490 cx
1148 467 1261 490 eorum
1283 455 1390 499 regnis
1410 459 1505 498 atquc
1526 451 1677 486 dominiis
1698 451 1844 496 praelati,

1092 510 1158 544 sine
1179 509 1381 543 recusatione
1401 519 1437 541 ac
1458 518 1560 547 mora,
1578 511 1642 538 tam
1663 503 1846 538 necessario

96 292 146 326 An.
164 296 194 325 e.
213 295 279 325 1:560

96 356 125 376 sis
139 355 173 376 hle
192 360 283 383 expres·
297 348 362 383 siae
396 348 614 382 cardinalibus
639 347 868 381 deliberatione
903 353 1048 389 matura,

97 387 218 412 sis‚dictum
229 392 283 407 con·
363 404 369 410 .
436 405 442 410 .
601 404 606 410 .
625 404 642 410 ..
757 404 763 410 .
857 405 862 409 .
909 405 913 410 .

97 417 167 439 einum
183 418 282 444 prosequi
296 405 387 439 factis
403 410 496 439 etiam
519 405 644 438 consiln
664 409 765 438 nostri
787 405 978 438 certioribus
999 417 1049 439 ca-

96 448 180 468 mandat.
194 448 219 468 ad
228 448 282 468 diem
316 459 322 464 -
359 459 365 464 -
406 459 412 465 -
440 459 446 465 ·
548 459 553 464 ·
653 459 670 465 --
798 459 803 464 ·
916 460 921 464 ·

97 478 218 499 numm
239 478 280 500 no-
296 470 471 492 r1SS1m1s1n
479 458 605 492 Christo
616 459 689 492 filus
705 465 822 493 nostris
831 460 1046 501 Ferdmando,

169 1408 279 1434 Monetque

97 1440 203 1467 praelatos
210 1441 231 1459 ut
247 1444 280 1458 nc-

97 1471 173 1491 cedant
188 1470 212 1490 ad
229 1474 277 1489 con-

95 1501 172 1524 cilium:

96 510 228 536 ml⁰i¹¹⁰²¹¹³
295 512 513 546 Romanorum
530 514 724 558 imperatore
744 515 855 554 electo,
872 514 981 547 etaliis
1002 525 1049 547 rc-

293 567 388 610 gibus
420 572 515 611 atquc
546 568 764 612 principibus,
791 579 873 613 quos
898 568 1046 611 quidem,

293 621 376 654 sicut
391 622 429 655 de
445 633 557 655 eorum
574 633 699 655 sunnna
717 623 832 666 pietate
848 627 878 655 et
894 622 1048 665 sapientia

292 670 386 703 nobis
401 671 647 715 pollicebamur,
663 672 878 716 paratissimos
894 672 932 704 ad
949 671 1048 715 ipsius

293 719 422 753 concilii
443 721 691 754 celebrationem
705 722 915 755 adiuvandam
926 721 1047 754 inveni-

292 779 377 809 mus,
389 770 427 802 ad
437 770 490 803 Dei
503 771 732 815 omnipotentis
742 771 880 807 laudem,
890 771 1047 803 honorem

293 822 324 849 et
338 819 485 860 gloriam,
496 826 591 863 atque
603 819 790 852 universalis
800 819 949 852 Ecclesiae
960 819 1047 852 utili-

292 872 402 906 tatem,
434 869 471 902 [le
497 870 685 902 eorumdem
708 870 841 901 fratrum
862 873 1045 901 nostrorum

293 917 427 950 consilio
449 923 478 950 ct
498 929 642 958 assensu,
656 928 782 951 sacrum
799 917 1046 950 oecumenicum

293 970 324 998 et
344 968 492 1008 generale
524 967 718 1004 concilium,
742 966 933 998 auctoritate
960 966 1046 999 eius-

293 1014 365 1047 dem
386 1015 440 1048 Dei
462 1021 492 1048 et
511 1016 678 1049 beatorum
708 1014 791 1047 Petri
811 1020 839 1046 et
860 1014 949 1047 Pauli
971 1026 1046 1059 apo-

293 1064 462 1105 stolorum,
492 1076 554 1108 qua
579 1076 636 1097 nos
656 1074 785 1107 quoque
806 1063 838 1095 in
858 1063 952 1095 terris
973 1064 1046 1096 fun-

293 1112 411 1155 gimur,
430 1114 500 1146 freti
521 1119 550 1146 et
567 1112 704 1151 subnixi,
723 1113 755 1144 in
776 1112 900 1145 civitate
915 1112 1046 1145 Triden-

294 1161 369 1202 tina,
382 1162 421 1195 ad
432 1161 680 1195 sacratissimum
693 1161 777 1194 diem
789 1161 1047 1194 Resurrectionis

293 1211 477 1244 Dominicae
485 1211 629 1255 proxime
642 1211 801 1251 futurum,
816 1210 1001 1251 indic-imus,
1017 1215 1046 1243 01

294 1259 337 1292 ibi
349 1259 589 1299 celebrandum,
602 1259 726 1292 sublata
743 1259 953 1303 suspensione
970 1271 1046 1303 qua-

295 1318 444 1350 cumque,
467 1307 636 1340 statuimus
656 1314 752 1351 atque
779 1308 996 1341 decernimus.

337 1357 352 1399 §
370 1355 402 1389 3.
420 1356 577 1395 Quocirca
587 1357 786 1390 venerabiles
798 1358 911 1390 fratres
920 1363 1047 1391 nostros

293 1405 442 1438 omnihus
462 1416 499 1438 ex
528 1406 607 1439 locis
635 1406 845 1450 patriarchas,
886 1406 1046 1450 archiepi-

292 1464 418 1498 scopos,
442 1455 610 1499 episcopos
622 1460 650 1487 et
663 1455 796 1488 dilectos
812 1455 895 1488 filios
915 1456 1047 1489 abbates

292 1508 493 1548 ceterosque,
516 1504 634 1548 quibus
667 1504 698 1536 in
735 1504 872 1537 concilio
906 1505 1047 1547 generali

292 1552 402 1586 sedere
436 1559 466 1586 et
495 1554 684 1586 sententiam
711 1554 817 1587 (licere
853 1554 922 1586 iure
957 1565 1046 1586 com-

292 1602 403 1642 muni,
433 1604 481 1635 vel
515 1614 551 1635 ex
581 1602 759 1646 privilegio,
782 1603 830 1635 vel
855 1614 892 1636 cx
916 1603 1047 1645 antiqua

292 1652 525 1686 consuetudine
542 1653 627 1692 licet,
639 1653 847 1686 vehementer
864 1653 895 1685 in
911 1653 1048 1686 Domino

291 1701 462 1735 hortamur
490 1707 521 1735 et
554 1713 735 1736 monemus.
764 1707 858 1745 atquc
879 1701 974 1735 etiam
1001 1702 1047 1734 111-

292 1751 401 1785 stricte
421 1752 649 1796 praecipiendo
671 1751 871 1789 mandamus,
883 1751 913 1783 in
935 1751 1048 1784 virtute

293 1806 420 1834 sanctae
448 1801 667 1840 obedientiae,
691 1801 723 1833 in
748 1800 776 1833 vi
803 1811 932 1844 quoqne
962 1800 1048 1833 iura-

293 1850 392 1883 menti
411 1850 498 1893 quod
525 1849 764 1894 praestiterunt,
788 1856 815 1882 et
850 1851 909 1883 sub
938 1850 1050 1894 poenis

292 1910 372 1942 quas
388 1899 420 1931 in
436 1910 502 1939 eos,
516 1899 570 1943 qui
587 1899 623 1931 ad
643 1899 778 1932 concilia
795 1899 957 1941 generalia
975 1911 1049 1933 con-

293 1948 400 1981 venire
420 1949 635 1991 neglexerint,
659 1949 757 1981 sacris
779 1948 882 1981 sciunt
906 1959 974 1981 esse
997 1960 1049 1982 ca-

293 1997 433 2030 nonibus
460 1998 667 2036 constitutas,
692 2004 723 2029 ut
745 1997 783 2029 ad
810 1997 986 2030 concilium
1007 1998 1050 2030 ibi

294 2046 523 2079 celebrandum
546 2046 737 2079 conveniant
753 2046 836 2078 intra
857 2057 926 2079 cam
949 2046 1047 2087 (liem,

293 2094 354 2127 nisi
388 2095 468 2128 sorte
502 2095 733 2139 impedimento
759 2095 878 2128 suerint
907 2095 1050 2135 legitimo

294 2143 485 2188 praepediti,
497 2145 583 2187 quod
594 2150 699 2177 tamen
713 2144 980 2188 impedimentum
994 2156 1051 2188 per

293 2192 453 2235 legitimos
469 2199 697 2237 procuratores
713 2193 832 2237 synodo
850 2193 986 2236 probare
995 2193 1050 2226 de-

292 2241 426 2275 bebunt.
445 2243 797 2287 Menenius-propterea
813 2253 924 2275 omnes
940 2248 970 2275 et
985 2243 1050 2275 sin-

293 2292 403 2334 gulos,
434 2303 574 2335 quorum
604 2292 755 2333 interest,
780 2292 969 2326 interesseve
992 2303 1050 2337 po-

294 2341 402 2382 tuerit,
425 2342 502 2375 utin
515 2341 653 2375 concilio
669 2342 779 2375 adesse
798 2352 861 2374 non
874 2342 1048 2385 negligant.

338 2391 353 2434 ἓ
372 2391 404 2424 4.
422 2390 734 2425 Carissimosveroin
749 2390 873 2423 Christo
888 2391 972 2424 filios
992 2402 1051 2424 no-

1091 571 1249 610 tempore,
1270 565 1335 597 Deo
1356 568 1385 596 ct
1405 560 1567 595 Ecclesiae
1587 559 1731 593 officium
1752 568 1846 591 suum

1091 625 1273 662 praestent3
1304 618 1433 652 eosdem
1459 615 1553 650 etiam
1580 619 1750 647 curaturos
1779 623 1846 645 esse

1092 669 1223 702 minime
1244 668 1436 707 dubitantes,
1456 671 1488 698 ut
1505 675 1563 709 per
1583 664 1728 708 ipsorum
1749 672 1848 705 regna

1091 723 1118 749 01
1141 718 1283 751 dominia
1310 722 1415 751 tutum
1442 727 1477 749 ac
1509 715 1646 747 liberum
1672 713 1732 746 iter
1756 723 1848 756 prae-

1091 766 1160 798 latis
1200 778 1380 810 corumque
1413 764 1643 804 familiaribus,
1674 762 1845 796 comitibus

1090 819 1119 847 01
1149 815 1219 847 111115
1245 815 1395 848 omnibus
1429 815 1467 846 ad
1496 813 1670 846 concilium
1697 811 1848 845 euntibus

1090 869 1117 896 01
1136 864 1174 896 ab
1193 864 1247 896 illo
1269 864 1479 897 redeuntibus
1505 867 1626 905 pateat,
1644 861 1848 903 benigneque

1090 924 1124 945 ac
1147 914 1283 946 comiter
1304 913 1453 945 omnibus
1480 911 1511 944 in
1546 911 1625 943 locis
1647 910 1849 953 recipiantur

1089 969 1184 1006 atquc
1206 968 1402 999 trac-,tentum
1426 962 1525 999 sicut,
1548 961 1635 1003 quod
1663 960 1701 993 ad
1723 971 1780 993 nos
1800 965 1847 992 at-

1089 1012 1180 1049 tinet,
1211 1012 1271 1055 ipsi
1298 1022 1428 1054 queque
1454 1010 1659 1047 curabimus,
1683 1009 1737 1052 qni
1767 1008 1847 1041 nihil

1089 1061 1222 1093 omnino
1244 1060 1500 1104 praelermittere
1523 1058 1737 1095 decrevimus,
1760 1057 1847 1101 quod

1088 1109 1128 1141 ad
1149 1115 1211 1142 tam
1234 1110 1323 1153 pium
1350 1115 1380 1142 et
1410 1110 1548 1141 salutare
1573 1118 1654 1151 opus
1675 1107 1847 1150 perficien-

1089 1159 1167 1191 dum
1188 1159 1314 1192 anobis
1335 1159 1365 1191 in
1386 1159 1448 1191 1100.
1469 1159 1540 1191 1000
1558 1156 1738 1190 constitutis
1754 1168 1846 1199 prae-

1090 1208 1165 1240 stari
1183 1208 1292 1252 possit,
1312 1207 1404 1247 nihil,
1418 1213 1450 1240 ut
1466 1207 1551 1240 Deus
1566 1206 1636 1244 scit,
1655 1210 1847 1248 quaerentes

1088 1257 1193 1297 aliud,
1215 1257 1295 1290 nihil
1317 1257 1516 1301 propositum
1544 1256 1698 1288 habentes
1725 1254 1756 1287 in
1787 1255 1849 1287 1100

1090 1307 1227 1339 00001110
1248 1307 1441 1340 celebrando
1456 1333 1463 1345 ,
1485 1305 1545 1338 nisi
1566 1305 1723 1337 honorem
1745 1303 1845 1349 ipsius

1089 1355 1156 1395 Dei,
1180 1356 1399 1400 dispersarum
1421 1355 1528 1387 ovium
1549 1353 1786 1393 reductionem,
1811 1364 1848 1386 ac

1090 1405 1224 1437 salutem
1252 1411 1281 1438 et
1311 1409 1500 1449 perpetuam
1523 1403 1715 1437 christianae
1736 1403 1848 1447 reipu-

1089 1453 1191 1487 blicae
1216 1454 1478 1498 tranquillitatem
1501 1464 1538 1485 ac
1558 1453 1712 1496 quietem.

1134 1503 1148 1545 ξ
1169 1504 1198 1536 5.
1223 1504 1262 1536 tsst
1280 1514 1355 1536 vero
1376 1504 1436 1536 liae
1457 1503 1568 1535 literae
1589 1507 1619 1534 et
1641 1512 1725 1545 quae
1745 1501 1777 1533 in
1803 1500 1848 1533 eis

1091 1552 1299 1585 continentur
1328 1553 1366 1585 ad
1396 1552 1555 1591 omnium,
1591 1561 1731 1594 quorum
1753 1560 1849 1593 opor-

1092 1606 1153 1638 tet,
1177 1601 1320 1634 notitiam
1348 1601 1552 1645 perveniant3
1584 1611 1642 1632 nec
1676 1599 1847 1643 quisquam

1091 1661 1127 1682 ea
1149 1651 1356 1683 excusatione
1378 1651 1422 1683 uti
1444 1650 1559 1694 possit,
1581 1649 1667 1692 quod
1687 1648 1741 1681 illa
1762 1648 1849 1691 igno—

1092 1700 1219 1739 raverit,
1242 1700 1431 1743 praesertim
1463 1711 1536 1732 011111
1559 1710 1623 1731 non
1651 1698 1690 1731 ad
1715 1709 1844 1739 omnes,

1092 1760 1173 1792 quos
1197 1750 1235 1783 110
1256 1750 1305 1783 liis
1326 1750 1425 1783 literis
1446 1749 1599 1782 certiores
1626 1748 1696 1781 ficri
1718 1754 1847 1791 oporte-

1092 1804 1149 1837 ret,
1172 1804 1258 1831 tutus
1278 1799 1411 1832 forsitan
1433 1803 1539 1842 pateat
1561 1798 1677 1837 aditus;
1699 1798 1848 1830 volumus

1092 1853 1121 1880 ct
1142 1849 1333 1881 mandamus
1349 1854 1384 1881 ut
1400 1849 1431 1880 in
1447 1848 1580 1880 basilica
1594 1847 1744 1880 Vaticana
1761 1848 1850 1880 Prin-

1093 1897 1172 1940 cipis
1192 1898 1433 1941 Apostolorum,
1452 1903 1479 1930 et
1506 1897 1538 1929 in
1564 1897 1698 1930 ecclesia
1720 1897 1848 1930 Latera-

1093 1947 1283 1988 nensi‚tunc
1295 1959 1369 1980 011111
1385 1947 1416 1980 in
1438 1948 1483 1980 015
1508 1947 1658 1991 populus,
1680 1952 1715 1979 ut
1736 1947 1848 1979 missa-

1094 2008 1165 2029 rum
1183 1997 1382 2030 solemnibus
1397 1997 1533 2036 intersit,
1552 1998 1741 2039 congregari
1758 1997 1847 2036 solet,

1094 2046 1211 2089 palam,
1236 2047 1321 2079 clara
1341 2057 1429 2085 voce,
1453 2057 1469 2078 a
1490 2045 1604 2079 Curiae
1626 2051 1753 2078 nostrae
1773 2057 1847 2078 cur-

1093 2094 1220 2127 soribus
1256 2106 1310 2128 sen
1345 2095 1479 2128 notariis
1513 2095 1676 2139 aliquibus
1711 2095 1848 2138 publicis

1094 2143 1282 2184 recitentur,
1306 2150 1336 2177 01,
1355 2150 1524 2188 postquam
1546 2144 1697 2177 recitatae
1714 2144 1845 2183 suerint,

1093 2193 1132 2225 ad
1159 2195 1261 2226 valvas
1296 2206 1407 2227 earum
1442 2194 1653 2227 ecclesiarum
1668 2220 1675 2233 ,
1707 2193 1849 2236 itemque

1094 2242 1310 2276 Cancellariae
1337 2243 1538 2287 Apostolicae
1560 2248 1590 2275 et
1610 2243 1641 2274 in
1664 2243 1734 2275 1000
1755 2243 1848 2275 solito

1093 2291 1203 2336 Campi
1219 2293 1331 2326 Florae
1349 2293 1540 2335 affigantur:
1564 2291 1687 2334 ibique,
1705 2303 1770 2334 quo
1787 2292 1849 2334 legi

1094 2348 1122 2374 01
1145 2343 1295 2375 (minibus
1315 2343 1517 2375 innotescere
1538 2343 1671 2386 possint,
1697 2343 1844 2386 aliquan-

1094 2391 1147 2423 tliu
1170 2392 1408 2436 relinquantur,
1434 2403 1507 2425 01101
1538 2397 1644 2424 autem
1667 2391 1739 2425 inde
1760 2403 1848 2426 amo-

1890 1512 1946 1533 ssaur
1972 1513 2048 1533 bullam

1863 1543 1939 1563 Romae
1948 1544 2050 1570 publicari

1864 1576 1955 1595 mandat.

106 2446 221 2485 'narratur
259 2454 280 2470 e·
295 2447 376 2475 stros
400 2442 621 2475 Romanorum
648 2441 877 2484 imperatorem
898 2441 1048 2482 electum,

96 2483 154 2538 {¹02ss
168 2484 282 2538 ’ᾓζζῗιὲζ
296 2498 483 2536 ceterosque
500 2502 591 2534 reges
602 2496 631 2524 et
647 2490 822 2534 principes,
840 2502 921 2534 quos
935 2497 1051 2534 optau-

94 2544 217 2580 91500512⁸⁵3
257 2546 280 2564 ¹¹²
296 2541 372 2574 dum
396 2552 473 2574 sane
493 2546 574 2574 esset
597 2539 734 2573 concilio
758 2539 912 2573 interesse
935 2551 1049 2583 posse,

95 2579 134 2625 ‘331‘
145 2580 282 2626 «11111111ρῖἶῖιῖ
296 2591 466 2624 hortamur
485 2595 516 2624 et
534 2600 686 2633 rogamus
703 2594 749 2629 ut,
772 2589 797 2622 si
817 2588 877 2633 ipsi
897 2590 1052 2623 interesse

97 2638 156 2657 *Μ’
189 2636 281 2658 ⁰⁰⁰⁶³¹³⁰
297 2639 436 2673 concilio
464 2650 528 2673 non
555 2639 733 2683 potuerint,
755 2644 787 2671 at
806 2644 951 2672 oratores
978 2650 1053 2672 suos

97 2670 255 2695 „mmmm”
298 2689 492 2734 prudentes,
519 2700 630 2733 graves
664 2693 690 2723 01
727 2687 797 2732 pios
828 2688 912 2722 viros
940 2688 1051 2733 utique

1094 2440 1264 2482 vehuntur,
1287 2453 1399 2475 earnm
1421 2442 1566 2485 exempla
1588 2441 1618 2474 in
1637 2441 1749 2474 iisdem
1770 2442 1850 2475 locis

1094 2490 1185 2523 affixa
1206 2498 1404 2525 remaneant.
1423 2492 1484 2524 Nos
1505 2491 1590 2525 enim
1612 2503 1670 2536 per
1690 2492 1849 2525 recitatio-

1094 2552 1168 2573 nem
1190 2541 1284 2580 banc,
1309 2541 1559 2584 publicationem
1595 2547 1625 2573 et
1652 2541 1846 2581 affixionem,

1095 2600 1206 2622 omnes
1232 2599 1259 2623 et
1282 2590 1446 2633 singulos,
1476 2590 1531 2634 qui
1559 2590 1608 2622 l1is
1638 2590 1738 2623 literis
1763 2601 1848 2623 com-

1095 2640 1366 2683 prehenduntur,
1389 2644 1461 2683 post
1490 2639 1571 2672 duos
1596 2649 1722 2672 menses
1755 2650 1772 2671 a
1798 2639 1848 2671 die

1096 2688 1324 2732 publicationis
1343 2694 1373 2722 et
1389 2688 1545 2721 affixionis
1563 2699 1686 2730 earum,
1700 2688 1849 2722 volumus
