2237 3100
5 273 55 301 An.
72 271 101 300 C.
121 271 188 299 156⁷

34 1189 152 1216 Secundae,

70 1928 163 1954 Τοηίιο,

887 268 953 293 mus
975 269 994 293 V
1018 269 1066 293 PP.

203 323 229 357 si
248 322 319 357 istic
339 322 410 363 sint,
441 322 496 356 ubi
523 332 591 356 esse
620 323 746 363 debent,
772 323 804 356 in
832 323 956 357 dioece-

201 388 277 411 sana
301 377 421 421 synodo
441 377 596 421 deputati,
619 377 667 410 sin
694 383 813 418 autem,
835 379 956 421 absque

202 431 264 464 illis
294 431 486 469 faciendam,
512 431 633 471 dictum
654 432 678 465 1.
710 432 955 476 resignatarium

202 486 314 519 adhoc
330 485 484 519 idoneum
501 496 569 519 esse
584 486 756 529 repereris,
774 497 872 531 super
891 497 955 530 quo

203 545 291 574 tuam
312 539 545 573 conscientiam
575 550 763 581 oneramus,
786 540 955 574 ecclesiam

203 593 413 638 praedictam,
440 593 544 634 cuius,
563 598 640 634 etc-3
659 598 689 627 et
713 593 859 635 inferius,
886 600 957 639 post

202 647 299 681 verba
312 658 384 680 cum
401 647 549 680 omnibus
565 648 689 681 iuribus
705 653 733 681 (τί
746 649 956 691 pertinenciis

201 701 278 742 satis,
316 700 420 734 cidem
446 701 570 743 Ioanni,
601 701 860 746 quibuscumque
888 702 957 735 aliis

203 765 272 788 sese
298 755 338 788 ad
367 765 501 789 examen
524 755 747 800 praedictum,
784 755 879 789 etiam
899 767 958 800 per

204 813 355 843 mutuum
386 819 594 851 concursum,
630 809 755 843 admitti
785 814 815 843 et
840 810 897 843 sibi
918 811 957 844 de

210 863 294 897 dicta
327 863 465 897 ecclesia
492 863 653 907 provideri
686 864 867 908 petentibus
900 875 956 908 pe-

204 917 291 952 nitus
318 917 464 958 exclusis,
496 917 579 950 infra
611 917 740 961 triginta
773 918 840 951 dies
869 924 956 963 post-

204 982 303 1017 quam
326 978 512 1016 praesentes
528 972 640 1006 literae
660 973 717 1006 tibi
737 978 958 1017 praesentatae

206 1026 336 1068 suerint,
355 1026 545 1060 auctoritate
565 1032 674 1061 nostra
694 1027 841 1061 conferas
861 1032 892 1060 et
911 1038 958 1061 as-

206 1081 324 1124 signes,
344 1084 401 1114 ete.

293 1135 328 1168 In
361 1134 475 1169 ceteris
501 1145 576 1168 vero
596 1134 696 1169 literis
729 1135 768 1169 de
795 1135 959 1180 quibusvis

206 1188 276 1222 aliis
294 1188 470 1230 beneficiis,
483 1200 540 1233 per
551 1189 697 1223 eamdem
710 1189 958 1232 resignationem

207 1243 405 1284 vacantibus,
423 1243 579 1285 similiter,
595 1248 667 1288 post
677 1244 811 1276 verbum
827 1246 960 1277 meande-

206 1309 289 1339 mus,
311 1298 472 1332 inseratur
491 1302 527 1330 ut
546 1297 571 1330 si
595 1297 653 1330 tibi
676 1297 854 1332 constiterit.
873 1299 959 1342 quod

207 1352 312 1387 dictus
337 1353 388 1393 N„
413 1358 573 1396 quatenus
604 1351 636 1385 in
668 1352 765 1385 sacris
795 1352 961 1386 ordinibus

208 1407 401 1441 constitutus
426 1406 548 1448 existat,
571 1406 701 1439 aliunde
722 1407 892 1440 commode
919 1407 962 1440 vi-

207 1472 280 1496 vere
294 1461 406 1506 possit,
428 1472 465 1495 ac
484 1471 543 1506 per
554 1460 741 1504 diligentem
753 1461 960 1494 examinatio-

207 1526 283 1549 nem
311 1515 432 1549 dictum
457 1515 480 1548 1.
500 1514 662 1549 ‘idoneum
688 1525 756 1548 esse
784 1515 961 1559 repereris,

209 1580 309 1614 super
331 1580 395 1614 quo
415 1574 504 1603 tuam
525 1569 756 1603 conscientiam
780 1580 962 1611 oneramus,

210 1624 436 1659 canonicatum
462 1629 493 1658 et
511 1623 729 1669 praebendam
751 1623 961 1667 praedictam,

210 1685 351 1721 quorum
361 1679 418 1708 ece.
437 1675 475 1707 Et
493 1674 639 1715 inferius,
654 1678 725 1718 post
739 1673 872 1706 verbum
890 1685 963 1718 per-

213 1726 361 1760 tinentiis
373 1725 451 1765 suz's,
469 1724 572 1758 eidem
587 1725 611 1757 Ι.
630 1724 714 1758 intra
729 1734 789 1757 xxx
804 1723 871 1757 dies
884 1730 965 1768 post-

211 1786 310 1821 quam
331 1780 515 1819 praesentes
539 1774 650 1808 literae
680 1774 736 1807 tibi
766 1779 965 1818 presentat-ae

213 1826 342 1866 suerint,
368 1825 558 1859 auctoritate
578 1829 687 1857 nostra
707 1824 863 1861 conseras,
889 1828 945 1857 etc.

301 1876 474 1920 Propterea
495 1873 527 1907 in
547 1873 698 1907 omnibus
718 1873 875 1906 mandatis
891 1884 966 1917 pro-

213 1925 370 1958 visionum
401 1935 458 1958 seu
484 1922 683 1957 commendis
701 1923 738 1956 (le
759 1923 967 1966 quibuscum-

214 1985 278 2019 que
297 1973 463 2007 beneficiis
483 1979 514 2006 et
530 1972 733 2006 monasteriis
753 1983 811 2016 per
831 1972 966 2004 similem

215 2023 466 2067 resignationem
487 2033 543 2056 sen
564 2032 690 2056 cessum
709 2022 907 2062 vacantibus,
930 2022 968 2054 ad

216 2074 335 2113 finem,
359 2078 432 2106 ante
458 2072 635 2105 clausulam
652 2071 771 2105 decreti
800 2071 968 2110 irritantis,

217 2122 353 2156 addatur
372 2122 451 2155 haec
472 2121 627 2162 clausula,
644 2120 803 2159 videlicet,
821 2120 968 2153 Ceterum

217 2184 268 2213 ne,
286 2173 363 2207 dum
392 2171 545 2216 prodesse
565 2172 742 2212 studemus,
765 2170 872 2214 aliqua
892 2171 971 2204 sorte

219 2224 339 2267 irrepat
354 2221 506 2266 iniquitas
526 2221 558 2253 in
577 2220 709 2254 exitium
729 2220 921 2257 animarum,
938 2225 970 2253 tu

219 2277 338 2306 attente
354 2272 404 2305 his
420 2270 663 2315 circumspicias
677 2281 716 2303 an
729 2281 764 2303 ex
774 2269 946 2313 praedictae
960 2269 968 2292 ¹

220 2323 256 2356 N.
277 2322 345 2356 etl.
369 2321 610 2366 praedictorum
627 2319 819 2364 superdicta
834 2319 974 2363 resigna-

222 2373 308 2406 tione
334 2372 383 2405 vel
410 2370 566 2411 cessione,
604 2375 639 2402 ut
669 2370 769 2407 lieret,
798 2380 895 2413 quam
917 2380 975 2403 nos

222 2422 313 2456 nullo
333 2421 503 2463 hucusque
527 2419 602 2453 vitio
627 2419 774 2452 laborare
796 2419 976 2462 deprehen-

223 2471 350 2510 dimus,
378 2469 594 2503 intercesserit
619 2468 773 2502 simoniae
803 2468 890 2501 labes
923 2474 976 2501 aut

224 2520 286 2554 alia
304 2519 416 2553 illicita
436 2518 554 2563 pactio,
575 2518 630 2556 vel,
652 2517 746 2551 etiam
776 2518 976 2561 corruptela,

226 2580 285 2604 nos
304 2580 379 2603 eum
400 2573 457 2602 etc.

313 2619 348 2652 ln
381 2618 515 2662 reliquis
548 2622 656 2651 autem
676 2616 913 2661 provisionibus
948 2621 979 2650 et

264 2678 275 2704 1
297 2677 449 2713 Legendum
468 2676 587 2704 fortassis
602 2679 725 2710 exparte
745 2675 782 2711 (a.
805 2675 854 2709 T.).

307 2726 382 2757 Bull.
401 2725 478 2757 Rom.
500 2725 555 2757 Vol.
576 2725 634 2756 VII.
826 2724 863 2754 70

1640 260 1703 295 5553

998 322 1197 356 commendis
1213 332 1497 366 quorumcumque
1516 328 1702 356 curatorum
1719 328 1749 355 et

998 376 1193 420 simplicium
1213 376 1460 415 beneficiorum,
1483 377 1698 409 saecularium
1719 382 1750 409 et

998 431 1197 473 regularium
1231 430 1483 475 praedictorum,
1515 430 1609 463 etiam
1646 442 1748 463 reser-

998 488 1152 524 vatorum,
1179 484 1272 517 aliter
1290 495 1388 528 quam
1416 494 1474 528 per
1500 484 1748 527 resignationem

998 538 1110 582 quovis
1130 538 1226 572 modo
1247 537 1442 578 vacantibus,
1471 538 1618 571 videlicet
1644 540 1750 582 quoad

998 591 1201 635 parochiales
1233 592 1384 625 ecclesias
1416 592 1462 625 vel
1496 603 1608 625 earum
1638 604 1751 636 perpe-

999 651 1069 678 tuas
1087 645 1221 679 vicarias
1237 646 1411 685 dumtaxat,
1425 651 1496 689 post
1510 646 1642 679 verbum
1659 658 1752 680 υιαη-

998 701 1129 739 ιΙιωηηε,
1149 705 1185 732 ut
1200 700 1224 733 si
1248 711 1306 743 per
1334 700 1516 742 diligentem
1543 700 1751 734 examinatio-

999 764 1084 794 nem,
1105 758 1218 797 perte,
1242 753 1391 786 adhibitis
1416 753 1688 788 examinatoribus
1713 756 1753 788 ad

1000 807 1071 845 hoc,
1093 812 1128 839 ut
1147 817 1245 851 supra
1259 818 1362 851 usque
1381 817 1561 844 oneramus,
1582 808 1751 842 ecclesiam

999 860 1208 904 praedictam,
1221 872 1296 894 cum
1312 861 1465 893 omnibus
1480 860 1605 894 iuribus
1627 867 1657 894 et
1677 873 1751 906 per-

1001 913 1142 947 tinentiis
1179 914 1256 955 suis,
1288 914 1392 947 eidem
1425 915 1485 954 Io.‚
1515 914 1597 948 intra
1624 915 1753 959 triginta

1000 968 1067 1001 dies
1087 972 1159 1008 ete,
1184 969 1341 1001 conseras,

1088 1022 1125 1054 Et
1153 1021 1299 1055 similiter
1324 1022 1355 1055 in
1386 1022 1536 1056 omnibus
1556 1022 1626 1055 aliis
1641 1024 1752 1057 eadem

1000 1076 1105 1109 forma
1120 1081 1275 1117 servetur,
1294 1076 1411 1109 om1ssa
1432 1077 1577 1110 clausula
1596 1078 1753 1110 adhibitis

1000 1130 1288 1163 eccam'natoribus.

1090 1184 1127 1217 Et
1146 1184 1261 1217 deinde
1282 1196 1380 1228 super
1397 1184 1548 1218 omnibus
1568 1185 1753 1218 huiusmodi

1002 1236 1112 1278 literis,
1129 1237 1225 1271 etiam
1242 1238 1322 1271 aliae
1338 1238 1448 1271 literae
1469 1239 1671 1272 executoriae
1687 1239 1755 1272 dari

1003 1289 1157 1336 debeant,
1180 1291 1300 1324 directe
1320 1292 1368 1324 vel
1392 1292 1431 1324 ad
1457 1291 1753 1335 metropolitanum,

1004 1346 1050 1378 vel
1071 1345 1126 1378 uni
1147 1356 1184 1378 ex
1199 1345 1487 1389 propinquioribus
1503 1346 1675 1390 episcopis,
1693 1346 1756 1379 sive

1004 1410 1117 1433 corum
1143 1399 1260 1433 vicario
1290 1401 1339 1432 vel
1372 1400 1519 1439 officiali,
1553 1400 1753 1440 disiuncfive,

1005 1458 1060 1487 aut
1087 1453 1218 1487 nomine
1238 1453 1399 1497 dignitatis
1419 1452 1562 1497 episcopi
1593 1464 1753 1497 expresse,

1005 1507 1135 1551 quando
1150 1507 1204 1540 alii
1220 1512 1417 1547 executores,
1434 1518 1532 1551 super
1552 1508 1613 1540 hoc
1628 1518 1646 1540 a
1666 1508 1757 1540 nobis

1005 1561 1082 1601 dati,
1100 1572 1159 1606 pro
1176 1566 1320 1606 tempore
1340 1561 1512 1594 adfuerint.
1531 1561 1683 1595 Videlicet
1698 1573 1757 1606 pro

1007 1616 1247 1661 parochialibus
1275 1616 1419 1650 ecclesiis
1435 1627 1493 1661 per
1510 1615 1757 1659 resignationem

1007 1671 1192 1704 vacantibus
1226 1671 1259 1703 in
1292 1671 1379 1703 hunc
1412 1670 1565 1711 modum,
1592 1670 1755 1704 videlicet:

1007 1724 1108 1757 Fratri
1125 1724 1368 1768 archiepiscopo
1383 1724 1419 1758 N.
1439 1724 1574 1757 salutem
1587 1729 1642 1757 etc.
1659 1725 1759 1757 Hodie

1009 1789 1082 1812 eum
1108 1779 1243 1811 dilectus
1269 1779 1356 1811 filius
1375 1778 1425 1818 N„
1447 1789 1551 1822 nuper
1567 1778 1761 1823 parochialis

1009 1832 1163 1865 ecclesiae
1182 1837 1288 1866 rector
1310 1832 1346 1864 N.
1362 1837 1391 1864 et
1406 1832 1443 1865 N.
1462 1832 1626 1871 dioecesis,
1643 1832 1758 1865 dictam

1010 1886 1200 1927 ecclesiam,
1241 1897 1337 1930 quam
1378 1891 1452 1918 tuuc
1488 1885 1668 1925 obtinebat,
1705 1897 1762 1930 per

1011 1946 1135 1974 certum
1160 1945 1406 1984 procuratorem
1427 1950 1534 1979 suum,
1555 1940 1593 1972 ad
1614 1939 1643 1972 id
1664 1940 1703 1972 ab
1725 1951 1761 1973 eo

1011 1995 1193 2038 specialiter
1204 1994 1426 2034 constitutum,
1445 1993 1635 2026 inmanibus
1647 1993 1763 2026 nostris

1012 2054 1124 2093 sponte
1145 2053 1175 2081 et
1194 2049 1294 2081 libere
1314 2048 1519 2091 resignasset,
1546 2058 1670 2091 nosque
1686 2048 1763 2080 resi-

1012 2103 1196 2147 gnationem
1213 2101 1400 2135 huiusmodi
1427 2101 1628 2135 duxissemus
1648 2101 1763 2134 admit-

1014 2157 1152 2195 tendam,
1172 2156 1345 2190 venerabili
1368 2155 1456 2189 sratri
1482 2161 1590 2188 nostro
1611 2155 1763 2199 episcopo

1013 2211 1049 2244 N.
1080 2221 1137 2255 per
1170 2211 1247 2243 alias
1275 2214 1399 2242 nostras
1423 2209 1532 2242 literas
1556 2209 1704 2241 dedimus
1733 2209 1765 2241 in

1016 2265 1173 2298 mandatis
1193 2270 1225 2298 ut
1240 2291 1247 2304 ,
1269 2265 1293 2297 si
1315 2268 1474 2297 constaret
1498 2263 1583 2307 quod
1604 2263 1640 2296 N.
1666 2263 1696 2295 in
1720 2274 1766 2296 sa-

1016 2319 1078 2352 cris
1087 2318 1254 2352 ordinibus
1264 2318 1456 2351 constitutus
1468 2316 1625 2355 existeret
1637 2316 1766 2350 aliunde

1017 2373 1185 2407 commode
1205 2373 1307 2406 vivere
1324 2377 1442 2416 posset,
1456 2382 1491 2403 ac
1513 2382 1570 2414 per
1581 2371 1765 2414 diligentem

1018 2427 1369 2470 exa1ninationem,per
1388 2425 1538 2458 eumdem
1563 2425 1765 2468 episcopum,

1018 2477 1167 2511 adhibitis
1187 2474 1457 2510 examinatorilnis
1482 2474 1521 2507 ad
1542 2474 1571 2506 id
1592 2485 1609 2506 a
1630 2474 1768 2507 concilio

1018 2526 1203 2560 Tridentino
1237 2523 1424 2567 designatis,
1454 2524 1478 2556 si
1504 2523 1597 2556 isthic
1629 2523 1706 2563 sint,
1735 2530 1771 2557 ut

1020 2586 1087 2609 esse
1098 2575 1224 2615 debent,
1237 2574 1269 2607 in
1281 2574 1470 2607 dioecesana
1482 2572 1601 2617 synodo
1613 2573 1768 2616 deputatu

1021 2625 1069 2659 sin
1088 2630 1208 2664 autem,
1230 2623 1297 2656 sine
1321 2623 1383 2655 illis
1403 2621 1594 2662 faciendam,
1616 2621 1770 2654 dilectum

1021 2674 1124 2707 tilium
1146 2674 1188 2707 lo.
1212 2673 1367 2707 clericum
1388 2672 1490 2706 dictae
1511 2670 1665 2704 dioecesis
1681 2670 1719 2703 acl
1739 2669 1769 2702 id

1762 270 1811 295 An.
1829 269 1858 295 C.
1878 270 1943 296 1567

1789 335 1880 361 Qum-ide
1891 351 1895 360 ,

1794 1204 1892 1231 Quintae,
