2237 3100
263 220 313 247 An.
331 220 360 248 C.
380 220 447 248 ¹572

331 1358 390 1378 (fonti
397 1365 414 1378 ,11
422 1360 447 1378 iis

265 1390 359 1412 omnibns
384 1392 448 1411 dero—

265 1427 306 1446 11111,

461 271 658 305 defensionis
677 271 836 315 praesidio
865 271 1062 310 assistentes,
1096 269 1213 302 saciant

459 325 648 358 auctoritate
667 330 775 357 nostra
795 323 956 367 praedicta
972 322 1167 356 Rodcrieum
1183 329 1213 355 et

459 391 517 424 pro
535 386 680 423 tempore
708 378 893 411 existentem
916 376 1072 410 maiorem
1089 387 1213 409 111111011-

460 433 719 476 patumaliosque
730 431 908 464 conl'ratres
918 430 1111 474 praedictos,
1123 441 1214 474 prae-

459 485 563 518 missis
574 485 724 517 omnibus
739 491 769 517 et
788 484 936 528 singulis,
955 484 1040 516 iuxta
1061 493 1213 526 praescn-

460 538 538 571 tium
569 537 799 571 continentiam
831 544 861 572 et
888 544 1050 577 tenorem,
1079 536 1214 581 pacifice

460 592 521 625 frui
549 597 580 625 et
605 591 768 633 gaudere3
803 602 869 625 non
901 591 1124 635 permittentes
1160 600 1214 622 eos

459 657 515 679 seu
541 657 653 679 eorum
685 646 862 690 quemlibet
891 656 908 678 a
943 655 1107 689 quoquam
1138 654 1215 688 quo-

460 699 636 733 modolibet
656 699 795 733 indebite
820 698 995 738 molestari,
1032 697 1215 742 perturbari

459 760 514 787 aut
531 754 712 798 inquietari.
726 753 985 787 Contradiotores
1006 751 1166 795 quoslibet
1186 755 1217 782 01

461 808 597 841 rebelles
621 819 657 841 ac
677 807 862 852 praemissis
890 817 955 839 non
986 811 1136 849 parentes
1160 814 1216 847 per

460 873 614 895 censuras
637 867 668 895 ct
687 872 808 905 poenas
828 860 1061 894 ecclesiasticas
1090 858 1216 902 aliaque

460 921 644 959 opportuna
655 914 896 955 iurisremedia,
907 913 1123 958 appellatione
1132 917 1217 956 post-

461 968 575 1012 posita,
602 969 856 1012 compescendo3
885 979 922 1001 ac
947 966 1098 1009 legitimis
1119 976 1218 1008 super

461 1021 674 1056 liisliabendis
687 1022 817 1055 servatis
828 1020 1045 1065 processibus,
1061 1020 1134 1052 illos
1146 1028 1218 1051 een-

461 1087 551 1109 suras
558 1082 716 1120 etpoenas
726 1076 810 1120 ipsas
818 1075 993 1108 incurrisse
1010 1073 1216 1110 declarando,

461 1141 588 1164 necnon
611 1141 663 1164 cas
684 1130 780 1164 etiam
800 1129 922 1163 iteratis
948 1129 1074 1162 vicibus
1102 1138 1217 1170 aggra-

460 1184 577 1225 vando;
590 1184 736 1218 invocato
757 1183 851 1217 etiam
863 1183 990 1222 adhoc,
1011 1182 1036 1215 si
1052 1192 1135 1224 opus
1151 1182 1218 1215 sue-

463 1238 514 1280 rit,
537 1238 654 1272 auxilio
675 1237 800 1271 brachii
820 1237 1006 1271 saecularis.

506 1293 521 1335 ξ
541 1291 573 1325 tt.
596 1292 664 1325 Non
685 1291 886 1325 obstantibus
903 1290 1004 1323 felicis
1021 1289 1218 1322 recordatio—

463 1346 511 1378 nis
530 1345 684 1379 Bonisacii
706 1345 808 1388 Papae
830 1344 945 1380 octavi,
963 1342 1220 1387 pi·aed‹;=ccss01·is

463 1400 577 1441 nostri,
608 1401 646 1433 110
674 1410 750 1440 una,
780 1405 808 1431 et
839 1397 967 1431 concilii
992 1397 1152 1440 generalis
1181 1396 1219 1429 (10

463 1454 589 1487 duabus
598 1453 722 1493 diaetis,
735 1452 912 1486 dummodo
928 1450 1010 1494 quis.
1022 1450 1129 1493 vigore
1141 1460 1220 1493 prtu-

431 1512 433 1514 ’
464 1510 613 1549 sentium,
632 1508 716 1540 ultra
728 1512 792 1539 tres
800 1506 921 1538 diaetas
934 1505 973 1537 ad
986 1504 1143 1537 iudicium
1156 1514 1219 1536 non

466 1563 621 1603 trahatur,
638 1573 674 1595 ac
690 1561 760 1594 aliis
771 1559 936 1603 quibusvis
950 1558 1135 1602 apostolicis
1146 1568 1220 1590 1100-

465 1628 542 1658 non,
560 1617 592 1650 in
606 1612 1105 1660 provincialibusetsynodalibus
1117 1611 1221 1644 eonci-

467 1671 516 1704 liis
528 1671 632 1709 editis,
645 1668 848 1713 generalibus
862 1668 911 1700 vel
929 1665 1122 1710 specialibus
1147 1675 1222 1697 0011-

466 1724 684 1759 stitutionibus
707 1729 734 1756 01
756 1720 1026 1759 ordinationibus,
1054 1730 1102 1758 ac,
1126 1718 1221 1751 etiam

467 1779 668 1817 iuramento,
695 1775 941 1810 confirmatione
973 1773 1151 1817 apostolica
1173 1771 1221 1804 rel

467 1831 577 1875 quavis
605 1830 755 1863 firmitate
788 1829 849 1862 alia
881 1826 1040 1861 roboratis
1056 1854 1063 1867 ,
1098 1825 1223 1859 statutis

467 1892 494 1919 et
509 1884 810 1923 consuetudinibus,
826 1881 1002 1926 privilegiis
1017 1890 1160 1923 quoque,
1177 1879 1223 1911 in-

469 1939 566 1972 dultis
581 1944 611 1972 et
621 1938 735 1971 litteris
748 1935 944 1981 apostolicis,
958 1934 1122 1978 quibusvis
1134 1933 1223 1966 Ordi-

471 1993 564 2026 nibus
585 1998 615 2025 et.
634 1992 714 2025 locis
732 1991 928 2033 illorumque
949 1987 1172 2031 superioribus
1187 1998 1223 2019 ae

473 2046 628 2090 personis,
651 2045 710 2079 sub
730 2043 991 2088 quibuscumque
1009 2041 1174 2074 tenoribus
1194 2045 1225 2072 et

473 2100 594 2141 formis,
617 2110 653 2133 ac
674 2109 749 2132 eum
768 2096 933 2141 quibusvis
953 2095 1106 2129 clausulis
1123 2100 1152 2127 ct
1171 2094 1224 2127 de-

473 2155 580 2195 cretis,
612 2154 707 2187 etiam
737 2158 826 2185 motu
854 2150 988 2195 proprio
1018 2155 1049 2182 et
1077 2160 1114 2182 ex
1139 2154 1224 2181 certa

474 2208 606 2241 seientia
625 2219 662 2241 ac
675 2207 715 2240 (le
726 2205 921 2250 apostolicae
942 2203 1105 2247 potestatis
1122 2201 1224 2246 pleni-

476 2263 596 2302 tudine,
613 2262 645 2294 in
661 2260 861 2294 contrarium
886 2259 993 2290 forsan
1023 2256 1227 2300 quomodoli—

476 2316 528 2349 bet
555 2315 733 2355 concessis,
765 2311 962 2347 confirmatis
990 2316 1021 2343 et
1049 2309 1224 2349 innovat‚is;

476 2370 594 2414 quibus
610 2368 772 2408 omnibus,
795 2367 890 2400 etiam
912 2365 937 2398 si
957 2364 996 2397 de
1016 2364 1078 2396 illis
1098 2374 1227 2396 eorum-

477 2432 539 2463 que
572 2420 646 2453 totis
679 2417 844 2451 tenoribus
871 2414 1038 2459 specialis,
1075 2412 1227 2456 specifica

477 2476 507 2503 et
531 2480 679 2513 expressa
703 2467 823 2501 mentio
852 2477 909 2499 seu
934 2463 1065 2509 quaevis
1092 2462 1226 2515 aliae-x-

478 2519 597 2563 pressio
618 2518 766 2552 habenda
790 2521 845 2549 aut
864 2515 971 2558 aliqua
991 2513 1053 2546 alia
1073 2516 1227 2554 exquisita

477 2571 580 2603 forma
592 2568 631 2601 ad
643 2568 706 2601 hoc
719 2565 873 2600 servanda
886 2565 979 2604 soret,
997 2562 1118 2596 eisdem
1135 2571 1227 2604 prae-

476 2616 618 2654 sentibus
638 2626 697 2661 pro
717 2614 912 2651 sufficienter
932 2611 1090 2657 expressis
1104 2610 1226 2645 haben-

1062 218 1079 242 Β
1085 216 1245 241 ULLARIUM
1267 215 1418 240 ROMANUM

1256 274 1315 308 tes,
1339 268 1402 301 illis
1423 267 1501 301 alias
1522 268 1553 299 in
1574 278 1632 300 suo
1648 268 1765 301 robore
1775 269 2006 312 permansuris,

1254 322 1313 354 hac
1333 322 1400 354 vice
1420 321 1596 361 dumtaxat,
1614 321 1796 364 specialiter
1814 327 1845 355 et
1860 333 2006 366 expresse

1254 376 1458 418 derogamus,
1476 374 1646 408 contrariis
1661 374 1934 418 quibuscumque;
1952 382 2004 409 aut

1255 429 1280 461 si
1300 429 1473 473 aliquibus,
1490 429 1707 462 communiter
1731 430 1778 462 vel
1801 429 1936 469 divisim,
1969 430 2008 462 ab

1256 483 1369 516 eadem
1389 484 1427 516 sit
1449 483 1530 516 Sede
1550 482 1711 515 indultum
1738 481 1825 525 quod
1846 481 2006 523 interdici,

1256 537 1410 580 suspendi
1430 538 1477 570 vel
1498 535 1772 570 excommunicari
1794 546 1859 569 non
1887 535 2010 579 possint

1256 601 1314 633 per
1326 590 1449 623 litteras
1465 591 1670 634 apostolicas,
1692 600 1757 623 non
1772 589 1926 623 facientes
1941 590 2009 633 ple-

1257 654 1330 676 nam
1352 649 1383 676 et.
1402 655 1583 687 expressam
1604 655 1641 677 ac
1657 645 1696 677 de
1716 644 1812 677 verbo
1825 643 2009 677 adverbum

1257 697 1296 730 de
1317 697 1442 730 indulto
1462 698 1648 732 huiusmodi
1670 697 1879 732 mentionem.

1301 751 1386 783 Nulli
1403 762 1479 794 ergo
1491 756 1549 784 etc.

2028 216 2076 242 An.
2094 214 2124 242 C.
2141 211 2207 243 ¹5⁷2
2222 190 2226 211 t

1302 805 1415 837 Datum
1436 806 1556 839 Romae
1581 806 1667 849 apud
1688 806 1719 839 S.
1746 806 1898 846 Petrum,
1927 816 2012 839 anno
2052 824 2054 826 ·

1258 857 1491 892 lncaruationis
1511 859 1692 892 dominicae
1717 859 1888 892 millesimo
1916 857 2012 902 quin-

1258 911 1436 953 gentesimo
1447 913 1683 955 septuagesimo
1695 912 1851 953 secundo,
1870 912 2014 945 kalendis

1259 965 1408 1006 ianuarii,
1432 966 1638 1009 pontificatus
1657 966 1756 999 nostri
1777 977 1861 999 anno
1882 976 1921 998 Vt.

1314 1023 1374 1053 Dat.
1399 1024 1446 1054 die
1474 1025 1483 1053 l
1509 1024 1678 1063 1211111572,
1699 1024 1804 1065 pontif.
1828 1033 1905 1054 anno
1927 1033 1964 1054 νι.

1587 1173 1695 1206 CCXV.

1260 1271 1449 1305 surrectis—tio
1465 1276 1492 1305 ee
1505 1273 1676 1314 facultates
1685 1273 1719 1307 S.
1731 1272 1769 1305 R.
1782 1272 1821 1305 E.
1836 1273 2015 1306 cardinal-ix

1304 1328 1491 1369 protectoris
1507 1332 1536 1359 r!
1558 1328 1674 1360 [mla-11<
1699 1339 1866 1360 cansarum
1888 1327 2015 1369 confra-

1307 1381 1471 1415 ternitatis
1503 1378 1790 1422 Annittm'atiouis'
1815 1382 1855 1414 B.
1890 1381 2016 1414 Mariae

1312 1433 1468 1477 Virffinis,
1496 1435 1528 1467 in
1551 1435 1680 1468 eeclesia
1706 1447 1806 1479 supra
1833 1435 2017 1469 Minerva-m

1307 1488 1344 1519 tle
1366 1487 1448 1520 l'rbe
1461 1489 1580 1521 dudum
1595 1490 1777 1530 [ἧι-1111111110,
1796 1489 1837 1522 scd
1851 1488 2018 1522 1111301111νί-

1307 1542 1389 1574 libus
1405 1543 1522 1584 puellis
1537 1543 1622 1575 doles
1635 1544 1848 1585 elarqlicmlas,
1866 1543 2019 1586 yrzupillox-

1307 1606 1365 1638 que
1381 1600 1409 1629 rt
1430 1607 1540 1640 cycnos
1559 1597 1778 1630 sublevandos.

1389 1687 1450 1715 Pius
1476 1689 1546 1723 Papa
1562 1687 1593 1720 V,
1613 1689 1689 1716 motu
1704 1688 1826 1723 proprio.
1841 1689 1896 1716 etc.

1308 1768 1400 1809 Cuin,
1431 1769 1510 1801 sicut
1538 1768 1744 1812 accepimus,
1772 1759 2019 1802 confraternitas

1265 1832 1321 1854 seu
1342 1822 1477 1855 societas
1497 1822 1556 1854 sul)
1572 1822 1772 1855 invocatione
1786 1822 2017 1856 Annunciatio-

1266 1875 1315 1908 uis
1334 1876 1368 1908 B.
1391 1875 1507 1908 Mariae
1527 1875 1675 1919 Virginis,
1695 1875 1726 1908 in
1747 1875 1883 1909 ecclesia
1903 1876 2018 1910 domus

1266 1929 1409 1962 eiusdem
1442 1930 1476 1962 Γ».
1505 1929 1620 1962 Mariae
1654 1940 1752 1973 supra
1780 1930 1950 1963 Minervam
1979 1931 2018 1964 de

1266 1982 1360 2021 Urbe,
1377 1983 1511 2026 eiusque
1531 1983 1666 2027 priores,
1687 1983 1846 2024 custodes,
1867 1984 2019 2018 officiales

1266 2042 1293 2069 et
1307 2038 1495 2073 contrata-es,
1511 2036 1551 2069 ob
1566 2036 1650 2077 lites,
1665 2037 1880 2079 quaestiones,
1892 2043 2019 2071 contro-

1266 2090 1384 2122 versias
1402 2089 1520 2131 civiles,
1546 2089 1742 2131 criminales,
1764 2090 1928 2134 profanas,
1952 2092 2018 2136 spi-

1269 2143 1408 2181 rituales,
1429 2154 1534 2176 meras
1554 2148 1584 2176 et
1608 2144 1722 2177 mixtas
1742 2144 1825 2177 infra
1845 2145 2020 2179 confrater-

1268 2197 1399 2230 nitatem
1419 2208 1476 2232 seu
1501 2197 1685 2231 societatem
1709 2193 1843 2242 eiusque
1871 2199 2017 2243 priores,

1267 2250 1554 2291 administratores,
1575 2252 1808 2294 gubernatores
1822 2263 1860 2286 ae
1884 2253 2019 2296 deputa-

1268 2310 1315 2337 tos
1326 2305 1524 2345 huiusmodi,
1536 2316 1594 2349 per
1606 2305 1729 2339 diversa
1741 2306 1835 2339 Urbis
1847 2306 2020 2340 tribunalia

1268 2358 1402 2402 litigare,
1423 2360 1593 2393 occasione
1613 2359 1824 2401 locationum,
1847 2371 2018 2402 censuum,

1269 2409 1489 2450 dmmfionum,
1498 2409 1744 2450 haereditatum,
1753 2410 1932 2453 legatorum
1939 2437 1946 2451 ,
1961 2410 2019 2443 do-

1271 2458 1348 2490 tium
1373 2465 1403 2491 et
1422 2459 1620 2491 diversarum
1640 2459 1778 2492 aliarum
1803 2470 1912 2493 rertun
1939 2459 2020 2493 eius-

1269 2507 1353 2547 dem,
1375 2513 1437 2540 tam
1457 2508 1582 2550 agendo
1602 2519 1698 2551 quam
1719 2508 1931 2549 defendendo,
1961 2519 2020 2552 pro

1270 2556 1370 2600 ipsius
1379 2557 1648 2590 confraternitatis
1656 2568 1713 2590 seu
1727 2556 2020 2591 societatisiuribus

1270 2606 1490 2647 defendendis,
1512 2606 1627 2650 iugiter
1648 2606 1809 2651 implicata
1835 2606 1956 2648 existat,
1984 2617 2020 2641 ex

2072 1782 2140 1803 Causa
2154 1781 2215 1802 huius
2227 1768 2234 1810 Ϊ

2032 1814 2199 1836 constitutionis.
2229 1814 2236 1817 ·
