2237 3100
6 279 62 308 <Am
78 279 106 306 C.
127 279 190 307 1571

0 347 1 350 ¹
34 341 106 362 Causa
125 341 193 362 eden-

9 373 48 394 du
58 373 194 396 constitutio-

9 405 49 424 nn.

892 278 959 302 Ptrs
979 279 997 301 V
1017 278 1063 302 PP.

209 331 300 375 piens
314 331 522 374 subterfugiis
543 331 800 374 delinquentium
819 331 959 368 obviare,

208 395 266 428 per
285 384 439 428 quasdam
458 395 531 417 suas
551 385 700 417 informa
716 391 820 417 motus
838 385 960 427 propi-ii

208 437 475 479 editaslitteras,
503 437 562 470 sub
582 431 844 470 datum'Romae
875 438 960 481 apud

208 489 239 524 S.
263 490 393 523 Petrum
411 490 684 523 decimosecundo
704 490 959 526 kalendasiunii,

207 553 292 576 anno
318 553 360 584 vl,
394 543 478 576 inter
512 543 585 583 alia,
612 543 773 575 statuisset
798 543 884 585 quod
915 543 960 575 rei

207 597 239 629 in
260 590 497 630 contumaciam
519 596 724 629 condemnati
745 596 783 628 ad
812 607 884 628 suas
905 597 960 629 de-

176 659 186 665 ·
208 650 369 683 sensiones
399 649 561 683 faciendas
581 649 706 682 admitti
730 649 958 692 nonpossint,

206 703 268 736 nisi
288 703 371 736 infra
391 714 444 736 sex
457 713 594 742 menses,
613 702 720 746 quoad
740 702 901 735 faciendas·
916 703 961 734 vi-

207 755 323 789 delicet
343 767 360 788 a
389 756 439 788 die
474 755 766 795 condemnationis,
799 766 863 798 quo
887 766 961 789 vero

207 809 248 842 ad
268 809 331 842 iam
355 809 453 842 factas
487 808 772 841 condemnationes
792 819 809 841 a
830 808 879 841 die
900 820 961 852 pu-

207 862 389 896 blicationis
409 863 598 896 earumdem
619 862 800 895 litterarum
826 873 962 905 compu-

208 914 342 956 tandos;
364 927 422 960 per
441 917 519 949 alias
539 922 665 949 nostras
686 915 781 948 etiam
807 916 839 948 in
861 916 962 948 t'orma

208 975 315 1003 motus
333 969 460 1014 proprii
481 975 644 1002 emanatas
656 969 791 1008 litteras,
809 969 861 1001 die
877 969 962 1011 vige-

210 1022 420 1056 sima‘mensis
435 1021 528 1063 iunii,
547 1022 755 1065 pontificatus
765 1022 865 1055 nostri
879 1032 963 1055 anno

210 1075 326 1120 primo,
339 1076 532 1119 publicatas,
548 1076 725 1109 terminum
734 1086 786 1108 sex
803 1075 963 1109 mensium

209 1128 396 1162 huiusmodi
405 1129 444 1162 ad
452 1139 572 1162 annum
581 1129 834 1172 prorogavimus,
844 1139 880 1161 ac
890 1121 967 1161 conss

210 1182 394 1215 tumacibus
406 1182 593 1215 huiusmodi
604 1182 816 1221 defensiones,
829 1181 963 1214 nonnisi

209 1241 281 1279 post
299 1235 375 1268 anni
395 1236 495 1279 elapsi
518 1236 695 1272 terminum
708 1263 716 1275 ‚
737 1236 888 1278 denegari
910 1236 964 1268 de-

209 1288 287 1321 bere
298 1288 519 1321 decrevimus.
543 1288 688 1331 Cumque
703 1315 710 1328 ,
733 1288 814 1322 sicut
836 1289 964 1331 accepi-

210 1352 294 1382 mus,
315 1351 334 1374 a
353 1342 532 1382 nonnullis,
555 1341 790 1375 ordinationem
812 1348 841 1374 et
862 1342 967 1386 dispo-

211 1394 359 1428 sitionem
385 1394 573 1428 huiusmodi
601 1400 810 1438 nostramque
831 1401 860 1427 et
891 1395 965 1428 dieti

210 1448 467 1492 praedecessoris
482 1449 515 1480 in
531 1448 593 1481 illis
608 1448 740 1481 edendis
754 1448 965 1482 intentionem

210 1501 305 1536 variis
328 1501 500 1535 calumniis
520 1502 664 1542 eludere,
687 1507 717 1534 et
737 1513 835 1545 snper
854 1513 966 1536 earum

211 1554 346 1588 sinistris
385 1554 706 1598 interpretationibus
734 1561 875 1598 ragentes
907 1567 967 1599 pro

212 1610 290 1643 fisco
322 1615 354 1642 et
385 1608 520 1643 Camera
552 1608 736 1652 Apostoliea
770 1610 915 1652 fatigare,
938 1615 966 1643 et

213 1673 326 1696 causas
345 1662 378 1695 in
404 1663 536 1706 longum
567 1662 757 1705 protrahere
778 1668 807 1695 et
828 1663 897 1696 illas
918 1662 967 1695 in-

214 1715 343 1757 tricare,
359 1716 661 1760 sententiarumque
672 1716 894 1749 executionem
908 1716 968 1749 evi-

214 1769 536 1813 tarelsatagentibus,
559 1780 653 1814 saepe
675 1770 707 1802 in
734 1770 868 1803 dubium
889 1770 968 1803 verti

213 1823 390 1867 contingat,
426 1823 502 1856 licet
521 1834 558 1855 ex
577 1824 751 1857 verborum
771 1824 968 1868 proprietate

214 1884 264 1907 res
285 1873 371 1906 clara
390 1872 442 1913 sit,
464 1883 505 1905 an
525 1872 648 1905 scilicet
668 1878 731 1905 tam
749 1879 861 1917 sponte
883 1884 969 1906 com-

214 1927 376 1966 parentes,
399 1921 437 1954 dc
453 1921 570 1965 quihus
591 1922 736 1964 loquitur
761 1929 867 1956 motus
893 1933 969 1966 pro-

214 1970 307 2014 prius
317 1970 452 2014 praefati
467 1970 737 2014 praedecessoris,
760 1983 856 2014 quam
873 1973 968 2005 etiam

215 2019 301 2063 capti
333 2019 418 2052 intra
451 2019 574 2052 dictum
607 2026 751 2064 tempus,
785 2021 969 2055 indistincte

215 2068 340 2101 admitti
360 2068 498 2101 debeant
517 2068 557 2101 ad
577 2069 761 2102 faciendum
773 2080 847 2102 suas
858 2070 969 2104 desen-

216 2117 334 2157 siones,
350 2117 487 2151 maxime
508 2118 665 2151 stantibus
680 2119 713 2151 in
728 2119 841 2152 eodem
859 2126 970 2154 nostro

217 2172 306 2200 motu
321 2167 454 2211 proprio
464 2167 619 2211 appositis
629 2178 732 2211 ,supra
748 2169 856 2203 relatis
866 2171 971 2204 verbis

216 2215 365 2249 videlicet
393 2227 431 2248 ac
452 2218 692 2250 contumacibus
717 2217 902 2251 huiusmodi
921 2221 970 2253 de-

217 2264 388 2306 fensiones,
405 2276 468 2297 non
485 2266 630 2308 m'sipost
646 2267 730 2298 αηηί
742 2267 844 2309 elapsi
864 2269 972 2300 termi-

218 2323 309 2353 num,
321 2313 474 2356 cleneyari
488 2314 609 2355 debere,
620 2325 702 2357 quae
717 2315 886 2348 in'dissinite
900 2328 972 2359 pro-

219 2363 281 2395 lata
314 2367 399 2402 sunt,
423 2368 454 2395 et
472 2362 733 2407 videnturposse
755 2365 970 2408 comprehen-

219 2411 295 2444 dere
304 2415 369 2443 tam
381 2417 494 2454 sponte
505 2417 728 2455 comparentes
739 2424 836 2456 quam
849 2419 969 2455 captos3

219 2458 430 2492 nihilominus
446 2460 686 2494 considerantes
701 2462 787 2504 quod
799 2462 972 2504 verbaipsa

220 2508 301 2541 nihil
327 2508 414 2541 aliud
441 2509 617 2553 disponunt
642 2521 739 2553 quam
767 2511 971 2553 prorogatio-

219 2567 294 2590 nem
324 2557 453 2590 termini
474 2557 524 2597 iis,
547 2558 666 2600 quibus
685 2569 722 2591 ex
743 2559 847 2591 forma
868 2564 973 2591 motus

220 2605 345 2650 proprii
361 2606 520 2650 praedicti
541 2607 797 2650 praedecessoris
823 2607 973 2650 denegari

220 2664 287 2690 non
305 2659 441 2703 poterat.

1644 266 1702 300 941

1047 332 1061 374 ξ
1081 331 1110 363 ’2,
1128 331 1189 363 Nos
1206 331 1312 374 igitur,
1329 330 1369 362 ad
1385 329 1562 363 tollendum
1584 339 1680 362 omne
1695 329 1753 362 du-

1004 383 1105 424 bium,
1119 390 1147 416 et
1163 384 1339 416 absurdum
1357 383 1542 416 evitandum
1559 383 1644 426 quod
1667 382 1752 426 capti

1003 443 1031 469 et
1060 443 1172 479 sponte
1200 441 1424 480 comparentes
1448 436 1534 479 paris
1555 441 1657 468 essent
1679 446 1754 468 con-

1003 490 1156 528 ditionis,
1178 500 1305 523 necnon
1326 489 1498 523 calumniis
1514 495 1542 521 et
1557 489 1628 521 aliis
1642 489 1755 522 incon-

1004 543 1415 583 venientibushuiusmodi,
1431 548 1588 585 quantum
1606 553 1679 575 cum
1690 542 1754 575 Deo

1005 605 1186 639 possumus,
1203 596 1343 636 obviare,
1362 606 1557 638 omnemque
1572 592 1755 639 disputandi

1004 649 1170 681 materiam
1185 649 1306 690 tollere,
1323 656 1351 682 et
1368 649 1399 682 in
1414 649 1464 681 his
1477 654 1660 692 opportune
1680 658 1757 691 pro-

1002 701 1110 733 videre
1130 702 1282 739 volentes,
1306 712 1432 735 necnon
1453 702 1654 745 singularum
1674 701 1758 734 litte-

1004 765 1113 786 rarum
1131 756 1371 797 praedictarum
1387 767 1423 788 ac
1441 755 1632 788 inditiorum
1653 753 1759 797 inqui·

1004 807 1160 846 sitorum,
1194 819 1422 850 processuum,
1449 808 1757 851 condetnnationum

1004 866 1033 892 et
1068 861 1301 893 sententiarum
1333 861 1472 904 desuper
1496 861 1709 894 formatarum
1729 862 1761 893 et

1004 914 1143 946 latarum
1169 924 1204 946 ac
1228 914 1471 946 sormandarum
1498 920 1526 946 et
1552 913 1760 957 promulgan-

1005 967 1119 1000 darum
1139 967 1338 1007 huiusmodi,
1360 967 1563 1010 aliorumque
1584 968 1692 1000 forsan
1712 966 1759 999 la-

1005 1020 1068 1052 tius
1100 1021 1387 1064 exprimendorum
1415 1027 1558 1059 tenores,
1593 1020 1760 1053 continen-

1006 1074 1074 1109 tias,
1095 1074 1215 1107 formas
1234 1080 1262 1106 et
1285 1074 1489 1118 compendia.
1507 1084 1691 1107 aereorum
1705 1073 1760 1106 de-

1005 1127 1178 1167 lictorum,
1214 1127 1389 1160 criminum
1428 1133 1457 1160 et
1497 1137 1687 1160 excessuum
1724 1137 1761 1159 ac

1006 1190 1186 1223 poenarum
1199 1180 1401 1222 huiusmodi,
1416 1187 1445 1214 et
1455 1181 1601 1213 iudicum
1616 1179 1761 1219 nomina,

1007 1233 1212 1275 eognonima,
1229 1234 1348 1276 gradus
1368 1240 1399 1266 et
1417 1233 1588 1277 qualitates
1603 1243 1640 1266 ac
1656 1242 1760 1275 quan-

1008 1286 1110 1319 titates
1138 1292 1168 1319 et
1188 1288 1270 1327 loca,
1293 1297 1352 1331 pro
1382 1288 1475 1330 plene
1506 1292 1537 1319 et
1563 1286 1763 1319 sufficienter

1007 1341 1164 1383 expressis
1179 1340 1334 1374 habentes
1350 1346 1379 1372 et
1398 1340 1623 1380 decernentes,
1635 1349 1763 1372 necnon

1008 1393 1150 1435 singulas
1164 1400 1389 1436 praenarratas
1401 1394 1524 1426 litteras
1534 1392 1764 1426 confirmantes

1008 1453 1037 1479 et
1066 1447 1271 1487 innovantes,
1302 1453 1392 1480 motu
1420 1447 1536 1487 simili,
1566 1451 1644 1486 etc„
1675 1445 1763 1489 quod

1008 1501 1131 1533 banniti
1148 1506 1175 1533 et
1198 1501 1231 1532 in
1252 1500 1491 1534 contumaciam
1507 1499 1715 1533 condemnati
1731 1499 1764 1532 in

1009 1565 1146 1598 poenam
1187 1554 1300 1598 eapitis
1336 1559 1366 1587 et
1399 1554 1506 1586 ultimi
1535 1553 1707 1598 supplicii,
1738 1553 1764 1585 si

1010 1608 1095 1651 capti
1124 1607 1163 1640 ad
1189 1618 1304 1641 manus
1333 1607 1444 1641 curiae
1473 1607 1680 1647 devenerint,
1707 1615 1766 1650 per

1010 1661 1133 1693 iudices
1160 1661 1198 1693 ad
1228 1671 1325 1694 novas
1354 1661 1418 1694 sive
1449 1661 1528 1694 alias
1563 1659 1766 1694 defensiones

1011 1714 1191 1753 faciendas,
1226 1714 1323 1747 etiam
1353 1715 1436 1747 intra
1466 1714 1588 1747 dictum
1618 1720 1764 1758 tempus,

1010 1778 1075 1801 non
1096 1768 1329 1808 adi‘uitta'ntur,
1352 1768 1413 1801 nisi
1434 1768 1543 1801 habita
1568 1779 1585 1801 a
1604 1767 1698 1801 nobis
1717 1767 1765 1800 vel

1010 1821 1181 1866 signatura
1201 1828 1311 1855 nostra
1330 1822 1470 1865 desuper
1491 1821 1593 1864 gratia
1617 1820 1762 1864 speciali3

1011 1881 1069 1903 nec
1089 1871 1216 1903 litterae
1237 1871 1337 1914 ipsae,
1359 1881 1443 1914 quae
1465 1871 1497 1902 in
1517 1880 1632 1902 eorum
1652 1869 1764 1902 odium

1011 1920 1114 1953 editae
1142 1926 1230 1960 sunt,
1261 1920 1305 1953 eis·
1335 1921 1368 1952 in
1395 1920 1505 1962 aliquo
1534 1920 1764 1961 suffragentur,

1011 1975 1065 2001 aut
1086 1969 1149 2002 illis
1170 1980 1202 2001 se
1219 1969 1329 2002 iuvare
1349 1965 1418 2001 sive
1433 1968 1606 2001 defendere
1626 1967 1761 2010 possint.

1011 2018 1199 2057 Quinimmo
1216 2018 1305 2062 quod
1332 2018 1456 2051 iudices
1475 2017 1609 2061 praefati
1635 2021 1764 2049 senten-

1013 2067 1071 2099 tias
1101 2067 1184 2111 ipsas
1214 2066 1505 2105 condemnatorias,
1537 2071 1599 2098 tam
1627 2065 1658 2097 in
1678 2064 1764 2097 Urbe

1012 2127 1108 2159 quam
1130 2122 1217 2149 extra
1237 2127 1306 2149 eam
1334 2116 1413 2148 latas
1433 2121 1461 2147 et
1487 2115 1650 2153 ferendas,
1675 2113 1700 2146 si
1721 2119 1765 2146 ta-

1013 2177 1098 2205 men,
1120 2166 1272 2209 legitimis
1288 2164 1557 2209 praecedentibus
1571 2163 1710 2203 indiciis,
1725 2163 1765 2196 ad

1014 2215 1246 2259 inquirendum
1266 2215 1489 2259 promulgatae
1502 2212 1634 2253 fuerint,
1652 2223 1766 2245 execu-

1013 2265 1093 2298 tioni
1117 2265 1246 2297 realiter
1265 2270 1293 2297 et
1315 2263 1539 2306 corporaliter,
1559 2262 1624 2295 suis
1644 2263 1716 2296 loco
1736 2268 1768 2296 et

1015 2321 1159 2357 tempore
1183 2313 1336 2356 congruis
1355 2311 1547 2355 respective,
1575 2311 1717 2345 totaliter
1736 2317 1768 2345 et

1014 2364 1148 2405 integre,
1177 2369 1289 2396 contra
1309 2362 1354 2395 sic
1375 2366 1484 2404 captos
1512 2360 1706 2393 demandent
1737 2366 1769 2394 et

1013 2412 1201 2445 demandari
1222 2411 1339 2445 saciant
1353 2438 1360 2451 ,
1382 2410 1442 2442 hac
1473 2414 1582 2442 nostra
1608 2414 1766 2452 perpetuo

1012 2461 1149 2493 valitura
1177 2459 1394 2494 declaratione
1417 2459 1622 2492 declaramus
1651 2464 1684 2491 et
1709 2458 1766 2492 de-

1014 2510 1177 2543 cernimus
1195 2516 1237 2549 et,
1258 2514 1418 2554 quatenus
1436 2517 1518 2550 opus
1544 2506 1600 2547 sit,
1625 2506 1665 2539 de
1684 2517 1766 2540 novo

1015 2559 1232 2592 statuimus-et
1255 2557 1462 2595 ordinamus,
1485 2561 1516 2589 et
1536 2555 1580 2588 ita
1599 2555 1716 2588 mentis
1736 2561 1768 2588 et

1014 2607 1201 2641 intentionis
1221 2612 1351 2640 nostrae
1370 2605 1467 2638 fuisse
1488 2609 1519 2638 et
1546 2614 1614 2638 esse
1634 2608 1764 2637 attesta-

1016 2667 1099 2690 mur.

1767 278 1816 304 An.
1834 278 1863 304 C.
1884 277 1946 305 1571

1792 338 1911 359 nectat-auo
1926 340 1952 359 d·

1767 377 1806 397 qua
1822 373 1840 391 in
1859 371 1950 392 rubrica.
