2237 3100
31 260 82 288 Am
99 258 128 288 C.
145 258 197 288 15⁷

52 2253 200 2275 praesentium

18 2285 135 2308 tinet-nrum
165 2287 201 2308 [ἰτ-

19 2318 85 2338 mitat.

911 255 978 281 PIUS
1001 256 1020 280 V
1039 256 1086 281 1³1³.

228 308 416 352 magistrum
442 308 582 353 desuper
600 308 844 353 quomodolibet
876 308 979 354 impe-

226 361 306 403 dire,
327 362 497 396 molestare
516 363 564 396 vel
581 362 783 407 perturbare,
805 363 981 397 decernen-

226 421 273 449 tes
292 426 423 460 quoque
442 427 479 450 ex
499 427 586 450 nunc
606 417 738 461 plenum
759 417 809 450 ius
829 416 906 461 ipsis
930 417 978 451 os-

225 469 299 503 ficio
315 475 345 503 et
364 470 516 512 magistro
537 470 570 503 in
588 470 776 504 vacantibus
791 471 839 503 vel
854 476 979 504 vacatu—

225 523 268 556 ris
301 524 494 558 canonicatu
530 530 561 558 et
585 524 768 568 praebenda
792 524 978 559 huiusmodi

224 577 417 621 acquisitum
448 588 535 618 esse;
557 578 730 622 ipsumque
758 578 913 611 Thomam
948 584 979 612 et

223 641 283 674 pro
303 636 448 674 tempore
468 630 653 664 existentem
667 630 977 675 Palatiijmagistrum

222 683 409 717 huiusmodi
430 684 534 717 solum
560 684 691 717 illorum
712 684 878 718 fructuum
903 697 976 729 per-

222 737 405 781 ceptionem
431 743 586 782 spectare,
611 738 650 771 de
678 738 799 781 regulis
832 739 913 773 iuris
939 740 978 774 de

221 801 287 824 non
306 792 449 825 tollendo
469 791 622 836 cuiquam
634 792 705 825 iure
717 792 877 836 quaesito,
891 794 977 827 aede

221 844 329 878 annali
345 850 376 879 et
387 845 535 879 triennali
550 856 746 890 possessore,
760 845 977 891 omnibusque

221 909 334 932 earum
354 899 511 944 partibUS,
533 899 715 943 ceterisque
734 899 860 933 iuribus
874 905 905 933 et
920 901 976 934 be-

220 951 357 994 neficiis,
393 952 512 997 quibus
531 952 647 986 diutini
667 963 867 997 possessores
888 954 976 997 paci-

220 1005 274 1039 fici
303 1011 452 1047 utuntur,
484 1006 654 1051 potiuntur
686 1012 716 1040 et
747 1007 902 1050 gaudent,
939 1020 976 1042 ac

221 1059 280 1100 uti,
296 1060 393 1104 potiri
404 1065 436 1094 et
451 1061 592 1103 gaudere
608 1066 739 1104 possent
758 1066 788 1094 et
803 1061 973 1103 deberent,

220 1113 342 1157 pariter
361 1114 418 1155 uti,
439 1114 536 1158 potiri
556 1120 587 1148 et
606 1114 747 1157 gaudere
763 1125 857 1158 posse
873 1120 903 1149 et
923 1116 976 1149 de-

219 1166 313 1209 bere;
327 1177 364 1201 ae
384 1172 569 1211 praesentes
588 1167 722 1209 litteras,
739 1167 834 1200 etiam
849 1173 975 1212 tempo-

219 1220 310 1253 ribus
329 1231 554 1254 successorum
574 1220 722 1254 omnium
742 1221 818 1254 dicti
835 1221 975 1256 Thomae

219 1274 398 1318 Maurique,
421 1274 524 1308 donec
544 1274 728 1318 plenarium
749 1275 899 1308 effectum
911 1286 976 1309 sor-

220 1328 295 1362 titae
315 1327 390 1369 sint,
411 1329 529 1362 valere.
552 1328 590 1361 Et
608 1328 634 1361 si
654 1328 686 1361 in
703 1329 809 1372 primo
825 1329 974 1363 effectum

218 1381 327 1415 sortiri
347 1382 563 1426 nequiverint,
590 1381 661 1415 illas
681 1382 713 1415 in
734 1383 877 1416 secundo
902 1384 974 1417 loco

218 1440 250 1470 et
278 1435 431 1480 deinceps
449 1446 659 1479 quocumque
692 1440 850 1480 tempore,
873 1437 906 1469 in
921 1448 974 1470 va-

219 1489 367 1523 cantibus
397 1490 590 1523 canonicatu
624 1494 655 1522 et
679 1489 863 1533 praebenda
888 1490 974 1523 eius-

217 1543 291 1577 dem
310 1543 475 1584 basilicae,
498 1542 652 1586 consequi
673 1542 802 1584 debere;
824 1554 861 1577 ae
877 1554 973 1587 quas-

217 1608 360 1642 cumque
380 1596 580 1636 collationes,
594 1596 806 1640 provisiones,
820 1608 972 1641 praesen-

216 1651 353 1685 tationes
372 1660 429 1684 seu
449 1649 528 1683 alias
547 1649 774 1694 dispositiones
793 1650 832 1683 de
857 1662 972 1685 vacan-

216 1704 303 1738 tibus
335 1714 392 1738 seu
424 1703 585 1737 vacaturis
606 1702 798 1736 canonicatu
829 1709 860 1737 et
879 1715 972 1748 prae-

216 1759 323 1793 benda
341 1757 493 1792 basilicae
508 1756 707 1798 huiusmodi,
729 1757 825 1791 etiam
842 1769 900 1802 per
915 1769 973 1792 nos

216 1818 248 1847 et
266 1813 385 1846 dietam
418 1812 533 1846 Sedem
553 1816 609 1844 aut
642 1811 969 1856 archipresbyterum,

217 1866 396 1912 capitulum
432 1871 463 1900 et
481 1865 772 1899 hebdomadarium
792 1876 846 1899 seu
873 1865 971 1899 alium

215 1921 264 1954 vel
279 1919 358 1953 alios
377 1919 539 1964 praefatos
558 1929 618 1963 pro
638 1924 784 1962 tempore
802 1918 909 1959 factas,
926 1920 971 1952 vi-

216 1974 307 2008 ribus
326 1978 358 2007 et
377 1973 493 2007 effectu
513 1973 646 2006 omnino
663 1983 783 2013 carere,
809 1984 846 2006 ac
867 1974 972 2007 nullas

215 2033 248 2062 et
274 2027 429 2061 invalidas
448 2026 594 2067 existere,
620 2026 815 2069 nullumque
839 2037 898 2070 per
918 2038 971 2061 eos

216 2092 361 2126 unquam
381 2081 431 2114 ius
445 2080 580 2125 acquiri,
606 2091 662 2114 seu
679 2080 773 2114 etiam
790 2081 970 2114 coloratum

216 2135 400 2181 possidendi
425 2134 556 2168 titulum
576 2133 675 2167 tribui
696 2145 800 2178 posse.

260 2189 275 2232 g
299 2188 331 2222 5.
350 2188 502 2232 ipsasque
522 2192 707 2232 praesentes
727 2187 786 2220 sub
806 2187 971 2231 quibusvis

216 2242 489 2282 revocationibus,
511 2241 788 2285 suspensionibus,
810 2241 971 2275 limitatio-

214 2295 311 2330 nibus
329 2300 384 2328 aut
417 2295 487 2328 aliis
507 2294 678 2328 contrariis
697 2294 969 2339 dispositionibus,

214 2349 312 2384 etiam
332 2348 517 2394 specificam
538 2353 568 2381 et
588 2348 761 2392 specialem
782 2349 969 2382 earumdem

214 2402 434 2448 praesentium
456 2401 653 2435 mentionem
675 2401 879 2442 facientibus,
908 2403 968 2435 mi-

214 2452 302 2486 nime
335 2451 589 2496 comprehendi;
620 2451 675 2485 sed
696 2462 824 2495 semper
843 2451 883 2484 ab
908 2452 969 2485 illis

214 2507 374 2547 exceptas,
396 2507 427 2535 et
446 2501 572 2544 quoties
592 2500 664 2533 illae
689 2501 897 2542 emanabant,
919 2506 968 2534 to-

213 2552 272 2585 ties
291 2552 324 2585 in
351 2551 523 2595 pristinum
544 2555 673 2591 statum,
696 2550 791 2584 etiam
813 2551 871 2583 sub
887 2561 968 2594 qua-

215 2611 355 2645 cumque
375 2600 459 2642 data,
482 2610 540 2644 per
559 2600 715 2633 Thomam
746 2599 912 2643 Maurique
938 2605 968 2633 et

215 2661 275 2696 pro
285 2655 432 2696 tempore
452 2650 640 2684 existentem
656 2649 844 2694 magistrum
857 2649 967 2683 Palatii

1665 246 1730 282 843

1021 309 1208 343 huiusmodi
1229 309 1389 353 eligenda,
1405 309 1578 350 restitutas,
1602 309 1771 354 repositas,

1021 369 1051 397 ct
1079 364 1224 408 plenarie
1243 363 1453 407 reintegratas
1473 375 1510 397 ac
1530 364 1568 397 de
1586 375 1670 398 novo
1695 374 1774 397 con-

1021 429 1136 458 cessaS,
1157 418 1267 462 sicque
1287 423 1415 451 nostrae
1433 417 1707 451 incommutabilis
1722 427 1775 451 vo-

1020 471 1151 505 luntatis
1172 483 1257 511 esse,
1280 471 1430 515 ipsasque
1441 471 1609 511 unionem,
1625 471 1775 505 annexio-

1019 535 1093 557 nem
1132 530 1162 558 et
1195 525 1490 568 incorporationem
1525 530 1775 570 praesentesque

1020 577 1139 612 litteras
1152 579 1241 611 nullo
1263 589 1417 622 umquam
1434 583 1578 622 tempore
1598 579 1637 611 de
1660 579 1774 612 subre-

1020 631 1137 675 ptionis
1156 633 1203 665 vel
1221 631 1420 676 obreptionis
1440 637 1495 664 aut
1514 632 1669 665 nullitatis
1688 633 1774 673 vitio,

1019 695 1075 718 seu
1106 685 1292 719 intentionis
1311 690 1439 719 nostrae
1459 685 1507 718 vel
1536 685 1690 729 quopiam
1711 686 1774 720 alio

1020 738 1147 772 defectu
1172 739 1276 772 notari
1297 750 1353 772 seu
1379 739 1563 782 impugnari
1585 749 1690 782 posse,
1712 740 1773 772 mi-

1019 803 1145 836 nusque
1165 803 1295 826 causam
1317 804 1373 826 seu
1394 804 1516 833 causas,
1537 798 1671 837 propter
1695 804 1775 838 quas

1019 845 1120 879 sactae
1132 846 1203 887 sint,
1221 857 1330 880 coram
1343 846 1451 891 aliquo
1468 847 1627 880 verificari
1642 847 1773 889 dehere;

1019 910 1078 932 nec
1098 906 1280 944 propterea,
1300 906 1356 933 aut
1375 900 1471 934 etiam
1491 911 1528 934 ex
1549 911 1586 934 eo
1616 900 1704 945 quod
1724 902 1774 935 in-

1019 959 1137 987 teresse
1157 960 1306 999 putantes
1326 954 1428 988 vocati
1445 965 1510 987 non
1531 955 1660 995 fuerint,
1678 956 1725 988 vel
1742 955 1774 988 in

1019 1007 1048 1039 id
1070 1018 1134 1041 non
1156 1008 1391 1048 consenserint,
1418 1013 1473 1040 aut
1488 1007 1557 1051 ipsa
1571 1007 1705 1042 basilica
1725 1019 1775 1042 ea·

1018 1060 1171 1094 thedralis
1196 1072 1260 1094 non
1282 1061 1332 1102 sit,
1355 1071 1414 1105 per
1442 1061 1683 1105 subreptionem
1717 1061 1774 1095 ob-

1017 1118 1120 1147 tentas
1144 1115 1321 1158 praesumi,
1361 1120 1417 1147 aut
1448 1114 1570 1147 viribus
1603 1121 1775 1159 propterea

1018 1178 1140 1207 carere;
1172 1168 1282 1212 sicque
1302 1179 1360 1212 per
1392 1179 1617 1212 quoscumque
1637 1169 1772 1211 iudices,

1018 1222 1113 1254 etiam
1134 1233 1307 1255 causarum
1325 1222 1401 1255 dicti
1420 1222 1530 1255 Palatii
1547 1223 1710 1257 auditores
1726 1225 1774 1257 vel

1017 1275 1048 1308 S.
1071 1275 1107 1308 R.
1131 1275 1165 1308 E.
1189 1276 1381 1316 cardinales,
1405 1275 1530 1309 sublata
1545 1275 1590 1309 eis
1610 1282 1640 1309 et
1660 1287 1773 1311 eorum

1017 1328 1149 1361 cuilibet
1177 1329 1288 1372 quavis
1308 1329 1400 1362 aliter
1428 1328 1593 1362 iudicandi
1624 1335 1655 1362 et
1674 1329 1774 1364 inter-

1017 1382 1166 1426 pretandi
1187 1383 1349 1423 facultate,
1373 1383 1405 1415 in
1426 1383 1537 1426 quavis
1557 1394 1654 1417 causa
1675 1389 1706 1417 et
1722 1384 1773 1418 in-

1017 1436 1141 1475 stantia,
1167 1436 1302 1469 iudicari
1324 1441 1354 1469 ct
1374 1435 1500 1469 definiri
1522 1436 1650 1471 debere.

1060 1489 1125 1533 §tt
1149 1489 1307 1529 Quocirca
1343 1490 1582 1524 venerabilibus
1621 1491 1774 1526 fratribus

1016 1543 1134 1576 nostris
1154 1543 1307 1577 Amerino
1324 1548 1352 1577 et
1374 1544 1582 1578 Maceratensi
1601 1544 1772 1590 episcopis,

1015 1607 1052 1630 ac
1072 1597 1189 1630 dilecto
1210 1597 1275 1630 filio
1296 1597 1411 1631 Curiae
1428 1609 1600 1632 causarum
1621 1599 1773 1634 Gamerae

1015 1651 1216 1694 Apostolicae
1232 1651 1371 1685 auditori
1387 1652 1540 1695 generali,
1567 1663 1625 1696 per
1644 1660 1773 1697 aposto-

1015 1705 1077 1737 lica
1092 1705 1223 1749 scripta,
1246 1710 1336 1738 motu
1364 1706 1460 1738 simili
1483 1706 1675 1741 mandamus
1692 1718 1772 1751 qua-

1014 1762 1108 1791 tenus
1134 1758 1193 1802 ipsi
1214 1759 1262 1791 vel
1283 1758 1347 1791 duo
1368 1765 1423 1792 aut
1449 1770 1534 1793 unus
1554 1770 1688 1801 eorum,
1716 1773 1774 1805 per

1015 1823 1047 1845 se
1066 1813 1114 1845 vel
1135 1812 1233 1845 alium
1250 1823 1306 1845 seu
1326 1813 1416 1852 alios,
1434 1818 1617 1856 praesentes
1636 1814 1770 1856 litteras,

1015 1865 1069 1897 ubi
1090 1870 1120 1898 et.
1140 1865 1269 1908 quando
1282 1876 1363 1909 opus
1384 1866 1490 1907 suerit,
1511 1877 1547 1899 ac
1567 1867 1693 1910 quoties
1712 1879 1771 1911 pro

1014 1924 1104 1963 parte
1134 1919 1276 1952 Thomac
1296 1919 1463 1962 Maurique
1483 1925 1513 1953 et
1533 1931 1592 1964 pro
1626 1925 1771 1965 tempore

1014 1972 1176 2005 existentis
1196 1973 1339 2016 magistri
1356 1973 1467 2006 Palatii
1488 1973 1674 2007 huiusmodi
1699 1975 1769 2008 sue-

1014 2026 1078 2059 rint
1097 2026 1256 2070 requisiti,
1280 2027 1467 2060 solemniter
1480 2027 1693 2071 publicantes,
1712 2029 1770 2062 eis-

1013 2090 1075 2124 que
1114 2080 1146 2113 in
1179 2080 1369 2124 praemissis
1399 2080 1538 2114 efficacis
1575 2081 1770 2115 defensionis

1013 2134 1172 2177 praesidio
1210 2134 1402 2175 assistentes,
1438 2135 1555 2168 saciant.
1579 2136 1768 2170 auctoritate

1013 2194 1121 2221 nostra
1141 2189 1297 2221 Thomam
1311 2189 1476 2233 Maurique
1497 2194 1524 2222 et
1542 2199 1601 2232 pro
1621 2194 1767 2234 tempore

1013 2241 1199 2275 existentem
1228 2242 1418 2285 magistrum
1443 2241 1554 2274 Palatii
1580 2241 1765 2275 huiusmodi

1012 2296 1196 2339 praemissis
1224 2296 1375 2329 (munibus
1406 2301 1436 2328 et
1463 2295 1597 2338 singulis
1631 2296 1766 2340 pacifice

1013 2349 1074 2382 frui
1096 2356 1126 2383 et.
1156 2351 1308 2393 gaudere.
1336 2350 1405 2382 Non
1438 2349 1660 2392 permittentes
1690 2361 1764 2383 eum

1012 2404 1151 2448 desuper
1165 2403 1408 2447 quomodolibet
1427 2402 1567 2436 indebite
1588 2403 1763 2444 molestari;

1012 2453 1263 2486 contradictores
1296 2452 1456 2496 quoslibet
1484 2457 1514 2484 et
1543 2451 1678 2485 rebelles
1708 2463 1766 2496 per

1011 2502 1199 2542 sententias,
1222 2512 1373 2535 censuras
1405 2507 1433 2534 et
1458 2512 1579 2545 poenas
1611 2502 1763 2535 ecclesia-

1010 2552 1114 2593 sticas,
1150 2552 1275 2595 aliaque
1306 2556 1490 2594 opportuna
1514 2551 1594 2584 iuris
1627 2556 1657 2584 et
1689 2552 1762 2585 sacti

1010 2602 1164 2644 remedia,
1190 2601 1405 2645 appellatione
1423 2601 1609 2644 postposita,
1630 2611 1761 2645 compe-

1009 2651 1139 2685 scendo.
1173 2651 1210 2685 Et
1229 2650 1452 2692 nihilominus,
1479 2650 1629 2694 legitimis
1663 2661 1762 2696 super

1788 257 1839 282 An.
1856 254 1886 282 C.
1906 253 1974 283 ¹5⁷0

1827 1497 1972 1524 Exoquutores

1789 1529 1891 1556 deputati,
