2237 3100
75 215 127 244 An.
143 215 173 245 C.
192 216 261 244 ¹570

83 331 259 357 Recognitorihus

75 364 190 391 praedictis
218 363 258 383 ‹lo-

75 397 117 415 tem
139 394 258 419 constitum

94 1187 183 1213 Indulta,
195 1189 257 1215 privi-

74 1220 142 1245 legia,
173 1220 258 1240 iurisdi-

73 1252 164 1276 ctiones,
181 1250 259 1271 camlu-

75 1285 144 1303 menta
171 1288 259 1302 summa-

75 1314 156 1334 northus
172 1320 260 1340 compe-

74 1344 261 1369 10111111,111110511111-

75 1377 161 1396 malni-is
190 1375 258 1395 ntliciu

74 1407 173 1427 concedit
189 1409 210 1428 et
226 1413 260 1434 ap-

75 1438 157 1466 probatq

949 219 1017 244 PIUS
1036 219 1055 243 V
1073 218 1122 242 PP.

318 269 333 313 ἓ
354 269 384 302 7.
413 269 556 313 Singulis
576 281 650 304 vero
668 276 808 314 quatuor
828 271 944 306 officiis
975 284 1026 306 re-

274 324 492 366 cognitorum,
509 336 567 368 pro
584 326 657 359 dote
670 326 827 369 ipsorum,
846 327 956 361 decem
972 333 1025 361 aut

272 377 368 421 plura
400 378 471 411 loca
504 389 561 412 seu
594 380 760 423 portiones
789 381 1026 425 cuiuscumque

273 431 392 464 montis
411 443 469 465 seu
490 433 650 466 montium
672 434 702 466 in
724 434 807 467 Urbe
829 446 885 467 seu
905 435 1026 469 ditione

272 486 443 529 temporali
454 492 582 520 sanctae
599 488 762 521 Romanae
774 488 937 522 Ecclesiae
948 500 1025 522 eon-

273 538 459 572 stitutorum
482 551 547 573 non
563 541 770 582 vaeabilium,
794 553 935 586 quorum
958 544 1026 575 fru-

273 597 342 625 ctus
362 592 415 626 hic
436 594 616 636 solvuntur,
640 596 929 639 sumptueiusdem
950 607 1025 639 pro-

272 645 349 678 ximi
361 648 569 680 summatoris
578 649 780 682 conficienda
794 655 823 682 et
836 649 1026 689 exhibenda,

272 704 430 743 perpetuo
466 701 669 745 applicamus
699 708 728 735 et
761 703 1023 746 appropriamus.

271 753 475 786 Declarantes
492 755 591 798 quod,
615 756 639 788 si
658 756 743 788 dicto
765 756 871 789 officio
883 768 1026 789 summa-

273 806 351 840 toris
370 812 416 840 tot
431 808 493 840 alia
507 819 588 851 quae
610 810 648 841 ad
665 810 806 843 valorem
824 811 1025 854 praedictum

271 860 474 904 septuaginta
493 861 631 894 millium
653 868 830 903 5001010111,
853 864 1026 908 utpraedi-

273 919 360 947 cturn
382 920 439 955 est„
462 926 527 947 non
547 916 734 958 ascendant,
753 918 801 949 vel
818 917 843 949 si
859 919 949 950 nulla
965 918 1027 950 alia

273 979 370 1012 quam
391 969 568 1012 praedicta,
591 981 673 1013 quae
688 971 751 1003 iam
772 977 938 1012 vacarunt,
957 972 1028 1004 uni-

272 1027 385 1063 antur,
411 1023 624 1057 nihilominus
654 1030 837 1068 praesentes
864 1026 970 1059 101010
998 1031 1028 1058 01

273 1076 455 1120 plenarium
478 1077 628 1111 effectum
651 1079 759 1111 sortiri
784 1080 914 1113 debere,

318 1130 332 1173 ἓ
349 1129 379 1163 8.
399 1130 558 1171 Ceterum,
571 1143 607 1165 ex
623 1133 798 1175 praedictis
812 1138 841 1166 et
861 1133 940 1172 aliis,
956 1145 1028 1177 quae

273 1183 314 1216 ad
334 1184 457 1217 dictum
479 1186 686 1219 summatoris
702 1187 843 1220 0111010111
867 1199 1028 1231 quocum-

273 1248 336 1282 que
357 1239 454 1271 modo
475 1240 632 1283 pertinent
656 1246 685 1273 et
706 1240 738 1273 in
752 1252 790 1274 eo
803 1242 1029 1275 consueverint

274 1296 304 1324 et
323 1291 546 1334 observantur,
569 1294 651 1326 nihil
672 1305 805 1338 prorsus
829 1295 999 1329 detrahere
1019 1323 1026 1336 ,

274 1345 330 1379 sed
350 1346 404 1379 illa
424 1358 460 1379 ac
477 1347 585 1380 omnia
606 1353 637 1381 et
656 1359 883 1391 quaecumque
900 1350 1030 1393 privile-

273 1399 337 1443 gia,
352 1400 519 1434 facultates
530 1407 560 1433 ct
571 1402 789 1442 auctoritates,
808 1403 1029 1446 exemptiones

275 1459 307 1487 et
340 1453 463 1488 indulta
498 1455 558 1499 ipsi
588 1457 693 1489 officio
723 1462 754 1489 et
788 1457 857 1490 eius
881 1458 1029 1501 personis

275 1510 583 1554 quomodocumque
603 1521 767 1551 concessa,
789 1512 979 1545 ‹⁷¹onfirmata
1000 1518 1030 1545 et

275 1567 413 1603 extensa,
435 1575 528 1607 quae,
558 1575 594 1597 ac
615 1564 639 1597 si
660 1565 698 1597 110
718 1565 815 1597 verbo
837 1566 875 1598 ad
896 1566 1028 1599 verbum

275 1614 496 1650 insererentur
516 1618 740 1662 praesentibus
758 1647 765 1659 ,
792 1619 951 1652 babemus
972 1631 1029 1663 pro

275 1670 445 1713 expressis,
477 1678 636 1716 perpetuo
664 1672 790 1705 stabilia
825 1678 853 1705 et
882 1672 1029 1706 inviolata

276 1733 343 1757 0550
363 1723 565 1758 intendentes
582 1752 589 1765 ‚
611 1737 647 1759 ac
669 1726 795 1759 futuros
815 1737 927 1759 omnes
944 1738 1031 1759 sum-

277 1783 417 1812 matores
437 1784 467 1812 et
486 1779 563 1812 dicti
584 1780 681 1813 ossieii
694 1791 859 1823 personas,
875 1787 1028 1813 1111110011-

276 1830 411 1865 iunctim
432 1843 529 1876 quam
564 1833 688 1865 divisim
714 1861 721 1873 ,
744 1833 776 1865 in
797 1833 859 1866 illis
880 1834 1031 1867 omnibus

277 1885 398 1928 potiri;
421 1897 458 1919 ac
482 1886 577 1919 etiam
604 1887 713 1919 omnia
739 1892 767 1920 et
803 1898 1030 1931 quaecumque

276 1938 365 1980 iura,
393 1940 509 1973 salaria
529 1967 536 1981 ,
568 1941 708 1983 regalia,
737 1941 975 1983 recognitiones
1001 1947 1031 1974 et

276 1993 496 2026 emolumenta
516 1994 681 2038 praedicta
702 1999 732 2027 et
752 1994 814 2027 alia
835 2000 988 2028 consueta
1001 2001 1029 2028 ct

276 2045 315 2079 ab
327 2046 520 2080 officialibus
537 2052 566 2080 et
583 2047 728 2090 collegiis
745 2048 1032 2092 supradictisprw-

276 2099 352 2133 stari
383 2100 476 2133 solita
495 2127 502 2140 ,
539 2101 815 2144 quemadmodum
847 2102 1031 2144 111-0011101115

275 2152 388 2186 Petrus
414 2153 558 2187 Donatus
578 2154 750 2187 cardinalis
770 2160 800 2187 ct
832 2154 1031 2198 quicumque

275 2213 349 2240 ante
384 2218 459 2240 eum
494 2214 708 2241 summatores
733 2208 931 2252 amplissime
953 2209 1032 2242 obti—

276 2267 428 2302 nuerunt,
450 2263 564 2295 eodem
585 2262 695 2299 modo,
719 2262 788 2295 iure
810 2268 840 2295 et
860 2262 952 2295 titulo
974 2263 1030 2295 lia-

276 2314 353 2348 bere
377 2321 408 2349 et
432 2316 597 2360 possidere
628 2316 794 2354 volentes3
821 2316 899 2360 quin
921 2317 1029 2357 etiam,

276 2368 385 2401 omnia
399 2374 430 2402 et
440 2380 665 2413 quaecumque
679 2370 762 2409 iura,
782 2369 1030 2410 iurisdictiones,

276 2417 456 2459 facultates,
480 2419 732 2452 consuetudines
752 2424 779 2451 et
804 2418 927 2452 indulta
955 2419 1030 2452 dieti

276 2466 388 2507 officii,
422 2472 451 2500 et
472 2467 553 2500 illud
574 2479 701 2501 necnon
723 2467 960 2511 expeditionem
981 2468 1030 2500 di-

275 2521 401 2549 ctarum
414 2517 595 2550 litterarum
617 2517 856 2558 concernentia,
871 2528 887 2550 a
899 2518 1030 2561 quibus-

275 2576 415 2610 cumque
435 2567 507 2600 aliis
525 2594 532 2607 ,
557 2567 792 2611 cuiuscumque
819 2567 981 2611 qualitatis
1001 2573 1032 2600 et

275 2615 480 2657 conditionis,
502 2617 650 2661 personis
672 2622 702 2650 et
722 2616 836 2650 officiis
861 2621 1026 2661 usurpata,

1069 278 1099 306 et
1119 277 1383 316 quantocumque
1406 278 1551 316 ternpore
1568 273 1695 315 usitata,
1709 274 1748 308 ad
1774 274 1824 308 ius

1069 332 1099 359 et
1126 326 1357 370 proprietatem
1388 327 1489 370 ipsius
1515 333 1700 361 revocantes
1718 355 1725 369 ‚
1749 339 1824 372 pcr-

1069 385 1165 422 petuo
1187 381 1357 414 statuimus
1378 386 1407 414 et
1428 381 1616 415 ordinamus
1641 387 1676 414 ut
1706 381 1746 414 ad
1775 382 1825 415 di-

1069 438 1155 465 ctum
1177 434 1318 467 osticium
1341 445 1426 468 unus
1452 446 1488 468 ex
1514 441 1642 469 sanetae
1662 436 1826 469 Romanae

1068 486 1228 520 Ecclesiae
1249 488 1467 522 cardinalibus
1487 495 1681 530 assumatur,
1696 496 1726 523 et
1741 489 1827 523 dicta

1069 545 1210 582 (piatuor
1230 542 1472 584 recognitorum
1483 543 1587 576 officia
1599 554 1673 576 cum
1689 543 1826 587 quibus-

1069 593 1113 625 vis
1133 593 1203 627 aliis
1224 595 1326 629 dictae
1347 596 1453 629 Curia)
1470 596 1585 629 officiis
1603 597 1827 641 compatibilia

1069 645 1143 685 sint,
1167 652 1195 679 et
1218 648 1257 680 ad
1278 648 1411 682 liberam
1434 651 1642 684 summatoris
1662 662 1722 695 pro
1743 655 1826 684 tem-

1070 710 1147 742 pore
1166 701 1329 735 existentis
1350 704 1595 747 dispositionem
1612 705 1745 739 omnino
1756 716 1828 750 per-

1070 753 1203 795 tineant3
1224 756 1279 798 qui
1296 757 1391 789 etiam
1410 759 1469 790 bac
1487 759 1590 801 prima
1607 759 1674 792 vice
1695 765 1726 792 et
1738 759 1828 793 dein-

1069 818 1143 850 ceps
1157 816 1352 852 perpetuum
1368 811 1432 852 illa,
1447 823 1503 845 seu
1520 824 1578 856 per
1595 813 1718 846 obitum
1740 813 1753 835 1
1770 824 1827 847 5011

1069 872 1311 907 quemeumque
1341 865 1440 898 alium
1473 867 1605 899 modum
1640 867 1825 909 vacabunt,

1069 916 1259 957 concedere,
1282 918 1432 959 vendere,
1461 921 1646 961 transtizrre,
1670 926 1701 953 et
1721 921 1760 954 de
1781 921 1827 954 015

1070 978 1104 1000 ac
1131 979 1228 1011 super
1257 970 1301 1003 eis
1326 983 1400 1004 cum
1421 973 1684 1018 quilulscumque
1715 985 1828 1008 conve-

1070 1021 1151 1062 nire,
1175 1023 1293 1066 pacisci
1314 1031 1343 1057 et
1364 1026 1538 1060 decernere
1559 1028 1661 1061 libere
1684 1034 1714 1061 et
1740 1028 1827 1063 licite

1070 1076 1183 1115 val-*au
1206 1079 1480 1120 quemadmodum
1502 1080 1540 1113 de
1559 1081 1628 1114 aliis
1648 1081 1749 1125 ipsius
1764 1082 1827 1116 Cu-

1071 1130 1137 1163 riae
1157 1131 1272 1164 01110115
1301 1133 1372 1166 lieri
1407 1135 1573 1167 consuevit
1593 1163 1600 1176 ,
1632 1147 1692 1180 pro
1724 1136 1828 1181 pretio

1071 1185 1312 1227 concedantur3
1336 1187 1419 1220 11105
1445 1188 1563 1231 probos
1584 1195 1613 1222 et
1642 1190 1763 1234 peritos
1788 1191 1827 1223 ad

1072 1249 1107 1270 ea
1127 1239 1270 1273 admittat
1290 1268 1297 1281 ,
1321 1242 1376 1284 qui
1398 1253 1456 1285 per
1480 1254 1571 1276 suam
1598 1243 1736 1287 quisque
1754 1271 1762 1285 ‚
1797 1250 1828 1278 et

1071 1291 1149 1325 alias
1170 1304 1228 1336 pro
1253 1295 1463 1328 materiarum
1490 1297 1643 1339 qualitate
1665 1303 1695 1330 01
1714 1309 1825 1331 rerum
1843 1316 1847 1319 -

1072 1345 1240 1389 exigentia,
1261 1348 1331 1381 cius
1351 1350 1398 1382 vel
1431 1351 1643 1393 praesidentis
1663 1351 1798 1386 arbitrio
1817 1378 1824 1393 ,

1072 1400 1267 1442 expeditioni
1290 1402 1491 1436 incumbant.

1116 1455 1129 1495 ξς
1156 1454 1185 1487 S).
1209 1454 1327 1488 Omnes
1358 1456 1495 1498 litterae,
1530 1469 1623 1501 quae,
1646 1460 1826 1493 secundum
1868 1481 2025 1502 mmmm,

1072 1516 1278 1541 communem
1300 1509 1332 1541 in
1353 1510 1438 1543 dieto
1459 1512 1564 1545 officio
1586 1524 1730 1555 cursum,
1758 1514 1828 1547 abs·
1841 1513 2026 1571 ffi'ssiniiissii

1072 1571 1135 1603 que
1155 1561 1342 1597 difficultate
1379 1565 1520 1608 expediri
1564 1573 1824 1608 consueverunt,
1841 1576 1975 1605 praescribin.

1072 1616 1110 1647 ab
1131 1615 1263 1649 illorum
1285 1618 1463 1660 cognitore,
1487 1619 1543 1662 qui
1562 1624 1638 1654 tunc
1653 1621 1753 1654 vicem
1773 1622 1828 1654 ob-

1074 1669 1199 1710 tinebit,
1223 1677 1390 1714 praesente
1411 1679 1610 1707 summatore
1634 1675 1680 1708 vel
1707 1676 1829 1719 praesi-

1073 1723 1178 1762 dente,
1206 1724 1378 1767 diligenter
1392 1732 1422 1759 et
1435 1733 1584 1760 accurate
1605 1728 1829 1762 examinentur

1073 1783 1102 1810 et
1115 1777 1173 1821 ipsi
1189 1780 1381 1820 reserantur,
1398 1787 1433 1814 ut
1448 1781 1510 1814 illis
1522 1788 1598 1815 tunc
1611 1782 1743 1816 demum
1755 1783 1829 1817 sub-

1073 1831 1202 1873 scribat,
1225 1838 1255 1865 et
1276 1833 1360 1877 ipsas
1375 1834 1415 1867 de
1436 1845 1525 1868 more
1543 1835 1652 1868 iubeat
1667 1836 1824 1880 expediri.

1117 1886 1131 1929 ξ
1153 1885 1205 1919 10.
1242 1887 1288 1919 Ad
1308 1898 1345 1920 ea
1372 1899 1447 1921 vero
1473 1888 1571 1921 dubia
1598 1889 1799 1923 dissolvenda
1817 1915 1824 1930 ,
1842 1910 1949 1938 nauaque
1966 1910 2026 1931 inu-

1073 1950 1156 1983 quae
1177 1940 1209 1972 in
1230 1940 1345 1974 litteris
1358 1941 1436 1985 ipsis
1451 1952 1625 1976 occurrere
1642 1943 1824 1987 contigerit,
1841 1946 2026 1998 ffi‘degfffhgi‘f‘

1074 2000 1253 2027 suunuator
1273 2000 1397 2027 eertum
1419 1995 1503 2028 diem
1525 1995 1557 2028 in
1578 1997 1722 2039 singulas
1748 1997 1827 2030 heb-

1073 2046 1226 2081 domadas
1247 2049 1433 2089 constituat,
1456 2060 1519 2092 quo
1538 2049 1588 2083 die
1599 2061 1707 2084 coram
1720 2061 1752 2084 se
1770 2061 1825 2084 seu

1074 2101 1278 2144 praesidente
1303 2114 1361 2136 suo
1383 2114 1495 2136 omnes
1513 2104 1732 2147 recognitores
1751 2115 1828 2138 con-

1073 2155 1199 2187 veniant
1218 2167 1224 2195 3
1252 2161 1282 2189 et
1302 2162 1481 2200 praeterea,
1509 2157 1534 2190 si
1555 2157 1615 2201 ipsi
1636 2158 1828 2191 summatori

1073 2208 1175 2241 visum
1196 2209 1304 2250 fucrit,
1327 2210 1450 2254 aliquot
1470 2211 1523 2243 alii
1544 2211 1664 2255 egregii
1681 2211 1750 2253 viri,
1772 2212 1828 2245 ba-

1074 2273 1146 2295 rum
1173 2274 1283 2296 rerum
1304 2275 1399 2297 usum
1425 2265 1581 2298 habentes
1599 2292 1606 2305 ,
1637 2265 1676 2298 ab
1712 2266 1826 2299 eodem

1074 2322 1272 2350 summatore
1282 2318 1510 2359 adhibeantur,
1523 2324 1557 2351 ut
1567 2319 1664 2352 dubia
1676 2318 1828 2352 omnibus

1074 2370 1240 2413 supposita
1252 2382 1326 2403 cum
1344 2377 1471 2404 maturo
1489 2383 1602 2405 corum
1619 2372 1765 2406 omnium
1779 2372 1829 2406 iu-

1074 2419 1156 2452 dicio
1178 2420 1396 2460 decidantur,
1431 2421 1633 2463 gravioribus
1666 2426 1773 2455 tamen
1798 2427 1829 2455 et

1073 2469 1347 2503 obstructiorilms
1367 2470 1486 2509 dubiis,
1510 2477 1643 2514 propter
1665 2482 1747 2514 quae
1767 2471 1830 2504 Ro-

1074 2530 1188 2552 manus
1212 2519 1356 2552 Pontifex
1381 2518 1495 2552 merito
1517 2519 1734 2554 consulendus
1755 2519 1826 2560 erit,

1837 222 1888 249 An.
1904 221 1934 249 C.
1955 219 2024 250 1⁸⁷0

1111 2583 1119 2609 1
1138 2581 1253 2609 Cherub.
1272 2582 1334 2615 legit
1357 2585 1380 2608 rt
1403 2584 1520 2615 deinceps
1544 2585 1572 2609 in
1588 2586 1748 2615 perpetuum
1769 2585 1827 2614 illa,

1072 2634 1115 2652 seu
1131 2635 1182 2659 per
1203 2629 1408 2659 resiynacionem
1430 2635 1472 2654 sete
1490 2636 1541 2660 per
1561 2629 1661 2654 obitum
1681 2627 1721 2663 (n.
1741 2627 1791 2663 T.).
