2237 3100
182 218 230 244 An.
249 217 279 244 C.
299 216 365 245 ¹567

426 205 493 240 564

383 275 471 302 calae
505 268 637 301 fuerunt
667 268 705 300 ad
742 268 846 300 valvas
870 266 1029 310 Principis
1052 266 1134 309 Apo-

382 322 539 355 stolorum
555 322 593 354 de
610 321 706 360 Urbe,
725 327 753 353 et
769 319 985 353 Cancellariae.
1001 320 1134 362 Aposto-

382 376 475 415 lieae‚
498 386 535 408 ac
554 375 586 407 in
607 374 675 407 acie
696 374 809 417 Campi
833 373 958 411 Florae,
990 383 1050 415 per
1075 381 1135 405 nos

380 429 532 461 Ioannem
553 428 712 460 Andream
725 425 911 468 Rogerium,
926 431 956 458 et
966 425 1135 458 Nicolaum

381 482 419 513 de
428 480 581 514 Matthaeis
593 479 783 513 sanctissimi
796 478 919 512 domini
930 477 1031 512 nostri
1041 478 1135 522 Papae

381 544 543 567 cursores.

447 586 604 619 Antonius
623 586 751 625 Clerici,
774 584 925 629 magister
950 595 1132 618 cursorum.

422 640 481 670 Dat.
501 640 548 670 die
570 639 608 669 ⁹29
629 639 724 669 martii
742 639 828 676 1567,
847 638 952 678 pontis.
972 648 1048 669 anno
1065 647 1095 668 11.

722 800 794 833 LIV.

383 878 472 918 Quod
488 877 601 919 festum
619 877 726 909 sumti
738 877 877 909 leomae
888 875 924 909 de
938 875 1079 919 Aquino,
1089 875 1140 908 uti

976 213 1157 238 BULLARIUM
1180 212 1333 237 ROMANUM

1176 270 1249 297 ante
1274 264 1385 305 annis,
1409 264 1479 297 orbi
1503 268 1686 304 terrarum,
1708 269 1739 297 et
1764 264 1879 297 divinis
1902 269 1931 297 et

1177 317 1319 361 propriis
1338 322 1383 350 est
1401 317 1612 360 comprobata
1627 317 1829 351 testimoniis.
1852 317 1932 350 Nam

1177 376 1205 404 et
1232 370 1468 404 miraculorum
1495 370 1605 413 signis,
1631 370 1750 413 quihus
1777 370 1857 404 servi
1883 370 1932 404 sui

1177 424 1318 457 Thomae
1330 429 1489 468 perpetua
1507 434 1600 457 verae
1616 423 1744 467 pietatis
1759 435 1858 467 opera
1876 435 1934 457 no-

1177 478 1305 511 bilitare
1320 478 1420 511 voluit
1431 477 1620 511 inexhausta
1630 477 1686 510 Dei
1701 476 1892 520 benignitas,
1905 483 1935 511 et

1179 531 1357 564 certissima
1388 530 1582 564 christianae
1611 530 1723 573 regula
1747 529 1932 569 doctrinae,

1178 595 1242 628 qua
1259 589 1388 617 sanctus
1403 584 1516 617 doctor
1526 583 1735 627 apostolicam
1747 582 1935 623 Ecclesiam,

1179 637 1313 671 infinitis
1336 638 1509 671 confutatis
1530 637 1730 677 haeresibus,
1754 635 1933 677 illustravit,

1179 691 1347 732 adductus,
1392 690 1493 724 felicis
1531 690 1766 724 recordationis
1798 690 1936 723 Ioannes

1179 745 1272 785 xxii,
1294 745 1525 789 praedecessor
1545 750 1666 785 noster,
1680 744 1737 777 illo
1753 744 1786 776 in
1807 748 1935 777 sancto-

1180 810 1254 832 rum
1283 809 1421 832 numero
1451 799 1567 839 relato,
1597 798 1666 832 eius
1699 797 1785 831 diem
1820 797 1938 831 festum

1180 852 1275 885 nonis
1291 852 1411 892 martii,
1434 862 1499 895 quo
1519 852 1571 885 die
1591 861 1679 884 nunc
1696 850 1792 884 etiam
1809 850 1938 891 colitur,

1181 906 1400 939 anniversario
1421 906 1546 938 honore
1567 905 1731 938 celebrare
1752 904 1856 938 iussit.

1992 231 1998 238 .
2019 210 2047 238 C.
2062 208 2130 238 ¹567

425 932 542 972 festum
567 931 604 963 de
627 934 796 973 praecepto
816 933 948 962 sanotae
972 929 1139 961 Romanae

429 984 599 1023 Ecclesiae,
614 985 647 1016 in
670 984 778 1025 Reyno
793 983 957 1026 Neapolis:
973 983 1054 1015 alibi
1067 993 1139 1015 1μοι-ο

427 1038 475 1070 uti
493 1037 609 1079 festum
630 1041 768 1080 quatuor
790 1037 967 1070 catholicae
987 1035 1140 1069 Ecclesiw

1225 960 1240 1003 ἓ
1266 960 1298 993 2.
1330 959 1391 993 Sed
1429 958 1583 1002 quoniam
1620 957 1851 1002 omnipotentis
1883 957 1939 991 Dei
2006 980 2045 1002 ffie
2076 981 2138 1002 mod„

1182 1013 1383 1057 providentia
1403 1013 1524 1046 sactum
1545 1017 1591 1046 est
1612 1018 1647 1045 ut
1666 1011 1804 1056 angelici
1825 1012 1938 1045 docto·
1952 1011 2074 1065 {²253ng
2099 1017 2138 1064 εἴ

1182 1067 1226 1099 ris
1248 1067 1288 1107 vi,
1304 1072 1335 1100 et
1348 1067 1482 1099 veritate
1494 1065 1671 1106 doctrinae,
1684 1076 1721 1099 ex
1739 1075 1777 1099 eo
1793 1073 1940 1109 tempore
1953 1074 2045 1111 pressis,

213 1381 330 1403 Exordium.

216 2295 287 2315 loanu.
318 2294 370 2315 XXI!

189 2326 321 2346 canonizavit
351 2325 371 2346 S.

188 2356 294 2377 Thumani.

426 1092 591 1124 doctorum
611 1092 648 1124 de
672 1095 772 1124 cetero
792 1091 964 1124 celebretur
988 1090 1011 1122 ¹.

457 1180 518 1209 Pius
543 1180 685 1216 episcopus
706 1187 804 1209 servus
831 1186 973 1208 servorum
991 1178 1054 1211 Dei,

520 1235 554 1263 ad
574 1236 738 1270 perpetuam
765 1234 807 1263 tei
830 1233 999 1262 memoriam.

428 1314 578 1347 Mirabilis
590 1314 672 1347 Deus
693 1314 725 1346 in
742 1313 858 1346 sanctis
874 1313 952 1353 suis,
971 1312 1026 1355 qui
1043 1323 1075 1345 se
1087 1312 1141 1345 da-

385 1374 495 1400 turum
516 1367 587 1400 illos
612 1368 643 1399 in
668 1367 798 1400 laudem
821 1372 852 1399 et
871 1367 1008 1409 gloriam
1029 1373 1061 1399 et
1084 1366 1141 1399 ho-

386 1432 511 1457 norem.
527 1422 704 1465 prophetae
726 1432 793 1460 ore,
812 1420 977 1464 promisit,
995 1426 1027 1452 ut
1045 1430 1138 1463 quos,

386 1475 465 1508 sicut
491 1475 535 1508 sol
563 1475 593 1507 in
620 1481 797 1518 conspectu
821 1485 880 1507 suo
906 1475 1076 1516 fulgentes,
1100 1473 1141 1506 ob

386 1529 498 1561 merita
520 1529 694 1561 sanctitatis
706 1534 836 1561 coronat
855 1528 893 1561 de
915 1528 1018 1568 coelo,
1041 1527 1141 1560 admi-

384 1582 531 1614 rabiliter
558 1582 654 1614 etiam
680 1582 854 1614 honoraret
879 1581 911 1613 in
937 1581 1077 1621 saeculo,
1111 1586 1142 1613 et

387 1634 418 1666 in
439 1645 488 1675 eo,
507 1635 594 1678 quod
608 1634 669 1667 illis
690 1634 787 1667 tribui
805 1634 905 1670 iubet,
928 1634 1032 1666 laudis
1043 1639 1071 1666 et
1092 1644 1141 1666 ve-

386 1687 562 1721 nerationis
582 1688 701 1728 officio,
724 1687 867 1720 debitum
893 1697 1024 1731 quoquo
1046 1687 1140 1720 Maie-

386 1741 457 1773 stati
470 1752 545 1774 suae
562 1742 721 1774 honorem
739 1746 767 1774 et
785 1741 920 1784 gloriani
937 1746 1138 1784 agnosceret.

386 1794 531 1833 Quorum
561 1805 625 1827 non
656 1795 751 1828 modo
772 1794 880 1835 vitam,
904 1795 959 1827 sed
980 1794 1138 1833 mortem,

386 1849 547 1891 sepulcra.
571 1854 800 1888 monumenta,
824 1848 977 1891 reliquias
1007 1854 1038 1881 et
1066 1847 1142 1880 ima-

385 1902 486 1944 gines,
505 1903 544 1935 ad
565 1903 743 1936 catholicae
761 1902 834 1935 lidei
857 1902 1141 1935 &infirmationem

386 1962 414 1988 et
436 1956 474 1987 ad
497 1956 721 1989 confusionem
747 1956 929 1989 haereticae
960 1955 1139 2000 pravitatis,

387 2015 419 2041 ut
446 2009 569 2042 felicius
589 2010 695 2050 etiam,
719 2020 817 2053 quam
835 2010 867 2042 in
887 2010 1049 2053 praesenti
1065 2010 1139 2049 vita,

386 2063 515 2096 doceret
544 2064 648 2096 vivere
678 2069 824 2096 mortuos
860 2063 916 2107 qui
946 2063 977 2095 in
1007 2062 1142 2096 Domino

388 2117 584 2157 moriuntur,
606 2117 792 2161 saepissime
814 2116 962 2159 dignatus
983 2123 1026 2150 est
1050 2117 1143 2150 deco-

387 2180 458 2203 rare
479 2176 505 2203 et
529 2171 692 2203 illustrare
714 2170 892 2203 miraculis.

431 2224 445 2265 §
465 2224 496 2256 l.
519 2224 563 2256 Ex
575 2235 640 2267 quo
657 2229 841 2257 sanctorum
858 2223 1014 2256 laudabili
1030 2234 1144 2257 nume-

389 2288 436 2314 ro,
459 2277 514 2319 qui
531 2278 723 2310 catholicam
738 2278 904 2310 veritatem
917 2278 1026 2317 corde,
1044 2288 1143 2321 opere

389 2335 417 2361 et
439 2340 494 2363 ore
515 2331 722 2371 roborarunt,
735 2330 872 2373 angelici
888 2330 1030 2364 doctoris
1042 2331 1142 2364 saneti

389 2383 530 2415 Thomae
556 2384 593 2416 de
613 2384 751 2427 Aquino,
767 2383 895 2416 Ordinis
910 2384 1045 2416 fratrum
1062 2384 1144 2416 Prae-

391 2436 584 2478 dicatorum,
614 2437 646 2470 in
675 2438 803 2471 coelum
825 2437 1015 2481 assumptio,
1034 2438 1144 2470 multis

428 2513 438 2538 1
462 2512 538 2538 Hunc
559 2516 680 2539 sanctum
697 2513 863 2540 canonizavit
879 2518 905 2540 et
921 2513 978 2540 eius
991 2513 1085 2540 festum
1103 2513 1144 2539 in-

391 2557 476 2582 stituit
502 2558 612 2584 Ioannes
641 2558 730 2589 xxti,
755 2562 783 2584 ut
806 2558 832 2584 in
853 2558 910 2585 eius
935 2562 1019 2585 const.
1042 2565 1142 2590 xxxiv,

391 2603 617 2634 Redeniptionem,
637 2605 699 2629 tom.
721 2609 759 2634 iv,
781 2610 839 2637 pag⁴
861 2602 923 2629 502.

1182 1132 1247 1164 quo
1281 1120 1476 1154 coelestibus
1504 1119 1627 1153 civibus
1655 1119 1838 1163 adscriptus
1865 1118 1938 1158 fuit,

1183 1175 1304 1207 multae
1333 1184 1416 1217 quae
1441 1172 1593 1217 deinceps
1620 1178 1749 1206 exortae
1770 1176 1845 1205 sunt
1862 1171 1940 1205 hae-

1183 1237 1269 1260 reses
1288 1226 1440 1259 confusae
1460 1232 1492 1259 et
1514 1225 1680 1259 convictae
1696 1224 1940 1270 dissiparentur,

1183 1281 1269 1323 quod
1290 1286 1317 1313 et
1341 1287 1433 1314 antea
1459 1290 1566 1323 saepe,
1585 1285 1616 1312 et
1638 1279 1764 1322 liquido
1782 1289 1889 1322 nuper
1907 1278 1941 1311 in

1183 1334 1282 1367 sacris
1293 1333 1471 1366 Tridentini
1488 1333 1617 1366 concilii
1628 1332 1765 1366 decretis
1779 1331 1941 1376 apparuit,

1183 1388 1328 1421 eiusdem
1358 1388 1563 1427 memoriam,
1591 1387 1685 1419 cuius
1711 1385 1834 1419 meritis
1854 1385 1942 1419 orbis

1183 1446 1344 1474 terrarum
1373 1453 1391 1474 a
1418 1441 1577 1485 pestiferis
1604 1440 1750 1484 quotidie
1774 1439 1942 1473 erroribus

1183 1495 1350 1535 liberatur,
1372 1495 1493 1529 maiore
1511 1495 1607 1528 etiam
1633 1505 1730 1538 quam
1751 1499 1846 1527 antea
1859 1492 1941 1537 grati

1184 1555 1213 1582 et
1233 1549 1277 1592 pii
1299 1549 1398 1582 animi
1418 1550 1538 1582 affectu
1556 1549 1726 1582 colendam
1756 1547 1938 1581 statuimus.

1183 1602 1274 1641 Quod
1294 1602 1437 1635 officium
1455 1607 1615 1641 nostrum,
1634 1607 1764 1645 praeter
1781 1600 1942 1634 beneficia

1184 1666 1220 1689 ex
1241 1655 1329 1688 illius
1348 1655 1480 1688 salutari
1501 1655 1685 1699 disciplina,
1703 1655 1735 1687 in
1757 1654 1825 1687 dies
1840 1653 1943 1696 magis

1184 1709 1340 1753 profecta,
1363 1709 1396 1742 in
1421 1715 1645 1743 sacrosanctae
1659 1707 1822 1741 Ecclesiae
1842 1707 1940 1747 filios,

1184 1762 1223 1795 ad
1246 1772 1387 1806 quorum
1409 1762 1606 1806 pastoralem
1630 1766 1865 1805 paternamque
1886 1770 1942 1793 cu-

1185 1827 1253 1849 ram
1270 1816 1326 1849 Dei
1351 1816 1543 1859 benignitati
1562 1815 1781 1848 humilitatem
1797 1818 1942 1847 nostram

1184 1870 1305 1914 placuit
1326 1881 1471 1910 evocare,
1493 1869 1636 1914 postulat
1657 1868 1753 1901 etiam
1779 1867 1887 1912 aliqua
1906 1877 1944 1900 ex

1185 1928 1274 1967 parte
1287 1923 1431 1956 eiusdem
1442 1922 1569 1957 Ordinis
1578 1922 1843 1955 Praedicatorum
1857 1931 1945 1954 com-

1186 1977 1297 2010 munio
1319 1982 1350 2009 et
1369 1976 1516 2017 societas,
1537 1976 1637 2017 unde,
1666 1975 1740 2009 lic-et
1764 1974 1945 2018 imparibus

1186 2031 1321 2071 meritis,
1338 2041 1398 2064 nos
1413 2030 1509 2063 etiam
1525 2036 1689 2074 tamquam
1711 2039 1748 2062 ex
1767 2029 1854 2061 fonte
1870 2038 1945 2072 pro-

1185 2083 1349 2117 fluximus.

1229 2139 1244 2180 ς’
1263 2137 1294 2170 3.
1317 2138 1428 2180 Itaque
1444 2136 1600 2180 primum,
1614 2141 1650 2169 ut
1665 2135 1698 2168 in
1709 2134 1835 2168 civitate
1848 2139 1879 2167 et
1894 2144 1944 2168 re-

1185 2201 1247 2233 gno
1256 2190 1480 2234 Neapolitano,
1499 2189 1584 2233 quod
1605 2189 1638 2221 in
1650 2199 1720 2222 eam
1730 2180 1941 2232 provinciam,

1185 2254 1281 2286 quae,
1308 2244 1348 2276 ad
1368 2244 1543 2276 salutarem
1564 2242 1711 2275 omnium
1731 2241 1876 2285 gentium
1890 2240 1942 2274 in-

1186 2297 1398 2337 stitutionem,
1422 2308 1458 2329 ex
1478 2295 1681 2329 nobilissima
1701 2294 1823 2328 familia
1841 2293 1942 2337 Aqui-

1186 2356 1271 2388 nate,
1286 2350 1502 2383 clarissimum
1514 2350 1576 2383 hoc
1597 2349 1697 2381 edidit
1712 2347 1876 2381 Ecclesiae
1885 2346 1942 2380 Dei

1186 2399 1309 2439 lumen,
1328 2403 1453 2431 tantum
1470 2398 1543 2431 inde
1563 2396 1669 2430 laudis
1689 2395 1880 2439 decorisque
1896 2395 1944 2428 di-

1185 2447 1257 2480 vina
1266 2447 1394 2480 bonitas
1409 2447 1593 2480 redundare
1599 2445 1750 2485 voluerit,
1760 2445 1800 2478 de
1811 2454 1943 2477 venera-

1185 2496 1302 2528 bilium
1322 2496 1458 2528 fratrum
1474 2500 1663 2528 nostrorum
1678 2499 1806 2527 sanctae
1821 2492 1940 2526 Roma-

1186 2554 1246 2577 nae
1271 2544 1434 2577 Ecclesiae
1451 2543 1665 2577 cardinalium
1689 2541 1824 2575 consilio
1845 2545 1942 2583 atque

1187 2592 1331 2626 unanimi
1342 2603 1487 2633 assensu,
1500 2593 1570 2637 ipsa
1585 2592 1636 2626 die
1647 2600 1809 2625 nonarum
1821 2589 1941 2629 martii,

1985 2157 2034 2179 Eius
2066 2157 2143 2180 testum

1958 2189 2065 2211 celebrari
2076 2188 2143 2211 iubet.
