2237 3100
1693 243 1736 280 97
1739 246 1761 281 5

804 375 1238 472 INDEX

493 523 760 571 NOMINUM
789 524 861 571 ET
888 525 1085 572 RERUM
1118 525 1545 573 PRAECIPUARUM

960 670 1108 683 ——4

278 979 431 1003 NUMERUS
453 978 603 1003 PAGINAM
626 980 769 1003 lNDlCAT.
791 990 840 995 ---
861 982 880 1003 α
903 981 1035 1004 rmum
1054 982 1237 1005 COLUMNAM
1260 992 1308 996 —
1329 973 1347 1004 b
1369 983 1541 1007 SECUNDAM
1563 983 1757 1008 nnsffimntr.

1001 1485 1034 1525 A

236 1582 442 1616 AEdificantes
463 1583 495 1616 in
518 1582 604 1617 Urbe
625 1583 735 1616 multis
755 1583 929 1628 privilegiis
949 1595 966 1617 a
987 1584 1075 1617 Sixto
1096 1584 1144 1625 lv,
1172 1585 1276 1618 Leone
1297 1584 1321 1617 X
1342 1590 1370 1617 et
1392 1585 1448 1618 Pio
1478 1585 1514 1618 lV
1539 1586 1662 1626 donati,
1684 1585 1749 1619 386
1774 1586 1791 1618 b

324 1641 355 1669 et
374 1635 433 1669 9111
465 1647 497 1669 α.
529 1635 657 1669 Eisdem
684 1636 875 1680 praefinitur
909 1641 1037 1681 tempus
1066 1637 1106 1669 ad
1132 1637 1279 1670 aedificia
1312 1637 1493 1671 inchoanda
1520 1644 1551 1671 et
1577 1638 1790 1682 perficienda,

322 1687 386 1722 387
399 1700 429 1723 α.
444 1689 635 1729 Domorum,
647 1689 806 1729 locorum,
816 1694 873 1723 etc.
887 1689 1085 1723 venditiones
1094 1690 1209 1723 vicinis
1223 1701 1351 1734 semper
1365 1690 1555 1724 indicendae
1568 1696 1654 1732 sunt,
1665 1691 1744 1724 ibid.
1759 1692 1788 1724 b.

323 1742 464 1787 Tempus
488 1754 553 1787 quo
579 1742 673 1776 vicini
697 1749 860 1787 emptores
880 1744 1003 1776 solvere
1030 1748 1060 1776 et
1090 1743 1263 1776 aedificare
1289 1743 1420 1784 debent,
1445 1744 1524 1776 ibid.
1547 1744 1581 1777 In
1602 1744 1789 1778 huiusmodi

323 1796 545 1830 contractibus
564 1795 661 1829 vicini
691 1795 858 1840 inquilinis
888 1796 1092 1840 praeferendi
1127 1802 1220 1836 sunt,
1247 1795 1311 1829 388
1331 1808 1362 1829 a.
1387 1796 1564 1830 Simulatae
1588 1797 1791 1831 venditiones

321 1855 501 1890 cassantur,
529 1855 559 1883 et
581 1848 847 1882 contrahentibus
872 1860 996 1893 poenae
1016 1849 1243 1894 imponuntur,
1261 1850 1341 1883 ibid.
1364 1849 1467 1883 Dubia
1487 1860 1586 1894 super
1605 1850 1790 1894 praemissis

321 1902 353 1935 in
371 1902 466 1935 Urbis
485 1907 635 1935 ornatum
657 1902 911 1946 interpretanda,
933 1902 1012 1935 ibid.
1031 1902 1060 1935 b.
1080 1902 1215 1942 Quando
1230 1902 1327 1935 vicini
1340 1902 1454 1936 vicinis
1467 1902 1582 1936 domos
1597 1908 1628 1936 et
1642 1903 1789 1936 casalena

324 1955 461 1989 vendere
484 1961 665 1995 teneantur,
680 1954 745 1988 389
766 1966 786 1988 α
805 1961 837 1988 et
856 1956 885 1988 b.
912 1955 1040 1988 Domini
1069 1955 1241 1988 domorum
1263 1955 1445 1988 dirutarum
1466 1955 1514 1988 vel
1534 1954 1767 1989 diruendarum
1780 1982 1787 1995 ,

322 2019 381 2052 pro
394 2008 684 2042 construendisviis
697 2013 727 2041 et
740 2007 855 2052 plateis
866 2009 981 2041 domos
991 2008 1182 2048 instaurent,
1202 2007 1267 2041 390
1277 2020 1308 2041 a.
1324 2008 1478 2051 Inquilini
1494 2018 1559 2041 non
1573 2009 1696 2042 solvant
1707 2019 1787 2052 pen-

323 2062 430 2095 siones
440 2061 709 2095 restaurationem
721 2061 968 2104 negligentibus,
976 2061 1030 2094 sed
1044 2072 1097 2094 eas
1108 2060 1292 2094 reficiendis
1301 2061 1658 2105 domibusimpendant‚
1666 2061 1746 2095 ibid.
1757 2062 1785 2094 b.

320 2115 380 2154 Oui
400 2116 514 2148 domos
533 2116 701 2160 possident
721 2126 757 2148 ex
777 2114 918 2148 alicuius
938 2125 1050 2148 earum
1064 2114 1164 2158 partis
1181 2114 1391 2148 demolitione
1404 2113 1630 2148 incommodas
1645 2114 1786 2154 effectas,

321 2169 345 2202 si
358 2168 487 2202 easdem
499 2169 698 2202 reaedificare
709 2168 815 2209 velint,
833 2168 1054 2202 conterminos
1070 2178 1186 2210 cogere
1199 2173 1324 2211 queunt
1336 2167 1374 2200 ad
1388 2167 1449 2201 sibi
1464 2167 1648 2201 vendendas
1659 2167 1786 2208 domos,

322 2222 400 2255 ibid.
423 2222 580 2256 Dominus
600 2223 663 2255 loci
681 2222 786 2263 vacui,
806 2222 849 2254 ibi
871 2222 1003 2255 fabricet
1027 2222 1109 2254 infra
1123 2232 1174 2255 sex
1198 2231 1336 2261 menses,
1353 2221 1498 2265 alioquin
1514 2220 1702 2255 huiusmodi
1717 2222 1788 2255 loca

320 2287 338 2308 a
359 2276 520 2319 magistris
539 2276 663 2309 viarum
685 2277 834 2309 locentur
858 2281 914 2308 aut
937 2275 1127 2315 vendantur,
1152 2274 1212 2308 391
1237 2286 1269 2307 α.
1292 2274 1489 2318 Angiportus
1509 2275 1679 2308 existentes
1705 2274 1789 2308 inter

321 2329 435 2362 domos
455 2329 481 2362 is
501 2335 606 2373 potest
624 2340 805 2373 occupare,
837 2329 893 2372 qui
918 2329 1008 2372 prius
1036 2328 1078 2361 ibi
1105 2328 1321 2367 fabricaverit,
1350 2328 1430 2361 ibid,
1457 2328 1486 2360 b.
1515 2327 1649 2361 cloacae
1669 2328 1702 2361 in
1722 2328 1788 2361 vias

321 2393 438 2426 aquam
459 2389 644 2416 evomentes
672 2383 895 2421 obstruantur,
917 2381 982 2415 392
1003 2393 1033 2415 (ι.
1057 2381 1322 2414 Fideicommissa
1350 2392 1413 2414 non
1431 2380 1613 2425 impediunt
1633 2382 1787 2426 praemis·

322 2446 431 2469 sorum
447 2436 685 2476 executionem,
705 2436 783 2468 ibid.
798 2435 967 2468 Tollantur
986 2440 1121 2468 canneta
1137 2435 1367 2468 detrimentum
1379 2433 1455 2467 Urbi
1476 2434 1782 2475 afferentia‚z'bicl.b.

324 2489 414 2521 Prata
435 2500 537 2532 prope
552 2489 635 2521 viam
652 2488 837 2531 Angelicam
859 2488 898 2520 ad
919 2493 1055 2520 canneta
1077 2488 1122 2521 vel
1145 2489 1255 2520 hortos
1277 2497 1340 2520 non
1363 2487 1572 2528 reducantur,
1597 2487 1675 2520 ibid.
1695 2487 1784 2521 Horti

324 2552 424 2585 prope
436 2541 567 2581 Urbem,
586 2542 757 2574 eardorum
773 2541 927 2585 exceptis,
951 2542 980 2573 in
1003 2547 1095 2585 prata
1116 2547 1143 2574 et
1164 2542 1271 2574 vineas
1289 2546 1529 2581 convertantur,
1544 2539 1609 2575 393
1624 2551 1656 2573 α.
1675 2539 1785 2574 Scalae

325 2595 389 2627 vias
410 2595 621 2637 impedientes
651 2595 814 2633 tollantur,
837 2595 915 2627 ibid.
945 2601 972 2626 et
995 2605 1056 2639 seq.
1081 2594 1247 2628 Praedicta
1279 2600 1397 2627 statuta
1423 2594 1462 2627 ad
1488 2593 1597 2628 vineas
1617 2600 1648 2628 et
1668 2593 1785 2628 casalia

324 2658 382 2691 per
405 2648 578 2683 duodecim
610 2647 760 2681 milliaria
785 2648 823 2679 ab
856 2647 939 2680 Urbe
971 2647 1210 2687 extenduntur,
1237 2646 1301 2679 393
1326 2647 1354 2679 b.
1382 2646 1530 2680 Porticus
1564 2646 1785 2680 demoliantur
