2237 3100
279 255 331 283 Αῐι.
346 256 376 284 C.
393 256 459 284 156&

291 365 405 386 Concilium
415 366 461 387 'rri-

279 398 386 418 dentinum
398 397 462 418 multa

278 429 349 449 statuit
368 430 392 449 ad
416 435 461 449 mo-

277 470 321 484 rum
330 464 462 485 reformatio-

277 501 324 516 nem
337 512 342 519 ,
386 496 460 523 quibus

276 527 411 553 plurimorum
427 529 461 547 in-

277 557 334 578 dulia
348 559 460 579 adversan-

276 591 317 610 tur.

517 246 581 283 278

519 310 534 354 ᾖ
554 310 586 343 1.
622 310 701 345 Cum
736 309 842 354 itaque
875 311 907 345 in
941 310 1053 344 eodem
1087 309 1224 343 concilio

475 365 670 409 quamplura
707 365 848 399 salubria
881 372 911 399 et
943 365 982 398 ad
1012 364 1223 397 universalem

476 428 604 451 morum
637 419 899 453 reformationem
932 418 1020 451 valde
1055 417 1144 450 utilia
1169 417 1223 450 de-

476 477 563 505 creta
581 478 677 516 atque
698 478 833 511 statuta,
857 479 983 506 maturo
1004 471 1224 515 praesentium

476 526 619 569 ipsorum
641 527 785 560 examine
807 526 1031 570 praecedente,
1045 525 1107 558 sint
1127 525 1222 565 edita,

475 580 592 622 quibus
625 581 725 613 multa
757 586 853 624 atque
886 580 1008 613 diversa
1042 579 1222 623 privilegia,

474 633 712 677 exemptiones,
739 634 979 674 immunitates,
1011 633 1224 676 dispensatio-

474 696 541 726 nes,
564 687 742 729 facultates,
756 687 1023 727 conservatoriae‚
1042 686 1164 719 indulta
1181 692 1222 727 et,

474 744 509 771 ut
540 746 672 781 vocant,
697 741 955 784 Confessionalia
980 746 1011 773 et
1034 740 1123 772 Mare
1152 740 1224 773 Μα-

472 803 588 835 ynum,
611 800 641 827 et
661 795 742 828 aliae
761 795 900 837 gratiae,
922 805 1004 839 quae
1024 793 1137 833 variis,
1160 799 1223 826 tam

473 846 721 890 cathedralibus,
736 849 830 882 etiam
847 846 1115 892 metropolitanis.
1127 858 1224 890 quam

473 899 649 943 collegiatis
673 902 828 943 ecclesiis,
851 900 1067 940 monasteriis,
1085 910 1223 933 conven-

472 952 557 986 tibus
591 960 621 987 et
653 955 724 989 aliis
757 955 915 998 religiosis
929 982 936 996 ,
958 954 1054 988 etiam
1088 954 1223 987 fratrum

472 1006 722 1042 Mendicantium
742 1010 892 1043 domibus
907 1015 936 1042 et
952 1007 1138 1047 Ordinibus,
1152 1018 1224 1041 nec-

472 1070 537 1092 non
558 1060 665 1095 Sancti
686 1063 824 1106 Spiritus
840 1063 872 1095 in
890 1062 993 1101 Saxia‚
1012 1061 1118 1094 Sancti
1135 1061 1224 1094 Ioan-

472 1112 521 1145 nis
540 1113 761 1149 Lateranensis
776 1128 811 1149 ac
828 1115 1058 1149 lncurabilium
1075 1114 1113 1147 de
1129 1115 1223 1155 Urbe,

471 1166 578 1200 Sancti
603 1169 731 1203 Antonii
752 1170 939 1203 Viennensis
968 1174 995 1202 et
1027 1168 1132 1201 Sancti
1153 1168 1225 1201 Ber-

471 1220 563 1253 nardi
580 1221 730 1264 Iurensis,
753 1224 887 1266 aliisque
908 1222 1140 1266 hospitalibus,
1163 1223 1223 1254 mi-

471 1273 566 1314 litiis,
590 1286 769 1320 eorumque
790 1276 940 1321 capitulis
964 1282 992 1309 et
1015 1275 1224 1309 conventibus

471 1337 508 1360 ac
529 1327 801 1371 universitatibus,
820 1330 915 1363 etiam
926 1329 1113 1363 Studiorum
1130 1340 1223 1372 gene-

472 1380 588 1413 ralium
610 1383 752 1426 collegiis
766 1411 773 1425 ‚
796 1390 861 1417 tam
887 1383 1106 1416 saecularibus
1126 1394 1222 1425 quam

472 1434 714 1477 ecclesiasticis,
737 1436 1069 1475 confraternitatibus,
1089 1436 1223 1469 societa-

472 1487 576 1528 tibus,
599 1495 629 1522 et
652 1496 716 1523 tam
751 1491 908 1535 Principis
936 1490 1164 1533 Apostolorum
1185 1490 1223 1522 de

471 1540 556 1574 Urbe
577 1553 672 1586 quam
707 1544 777 1577 aliis
806 1544 947 1583 fabricis,
979 1543 1113 1576 Sanctae
1142 1543 1222 1576 Cru-

472 1594 584 1636 ciatae,
605 1597 739 1641 aliisque
760 1598 821 1643 piis
832 1598 911 1631 locis
927 1602 954 1630 et
972 1596 1135 1640 operibus,
1151 1607 1224 1630 nec-

471 1658 536 1681 non
557 1651 759 1693 patriarchis,
771 1650 1034 1695 archiepiscopis,
1049 1650 1220 1693 episcopis,

471 1703 631 1746 praelatis,
653 1705 832 1745 abbatibus,
851 1704 1028 1744 abbatissis,
1049 1703 1222 1748 prioribus,

471 1757 662 1800 praepositis
682 1764 710 1791 et
732 1759 801 1792 aliis
821 1758 1058 1795 ecclesiasticis,
1078 1763 1140 1790 tam
1157 1769 1224 1790 sae-

471 1810 636 1844 cularibus
669 1823 766 1855 quam
796 1812 995 1845 diversorum
1017 1811 1171 1844 Ordinum
1194 1817 1224 1843 et

470 1863 657 1897 militiarum
679 1866 899 1909 regularibUS,
922 1876 957 1898 ac
986 1865 1079 1898 etiam
1115 1865 1220 1903 laicis,

471 1916 706 1961 cuiuscumque
726 1919 907 1962 dignitatis,
930 1924 1030 1951 status
1049 1930 1085 1951 ac
1106 1919 1224 1961 gradus

470 1976 501 2003 et
521 1972 740 2011 excellentiae,
763 1984 800 2005 ac
820 1973 916 2005 etiam
938 1972 1064 2012 ducali,
1086 1971 1173 2014 regia
1194 1978 1223 2004 ct

470 2023 629 2067 imperiali
650 2025 802 2069 dignitate
823 2025 1030 2069 fulgentibus,
1053 2025 1222 2068 utriusque

469 2088 563 2111 sexus
582 2079 740 2122 personis,
763 2090 889 2113 necnon
909 2079 1072 2122 aliquibus
1092 2079 1223 2111 notariis

469 2136 500 2164 et
519 2131 614 2164 etiam
635 2133 673 2166 de
694 2133 793 2166 latere
826 2133 938 2176 legatis
958 2138 1053 2175 atque
1075 2133 1221 2173 nunciis,

469 2190 534 2217 tam
555 2192 714 2230 perpetuo
734 2197 831 2230 quam
857 2186 895 2219 ad
920 2191 1059 2230 tempus,
1083 2197 1141 2230 per
1159 2186 1222 2219 Ro-

471 2249 582 2271 manos
610 2240 782 2273 Pontifices
807 2240 1072 2284 praedecessores
1097 2246 1223 2274 nostros

470 2302 506 2323 ac
526 2302 584 2325 nos
605 2298 633 2325 et
655 2293 768 2326 Sedem
790 2293 1006 2337 Apostolicam
1023 2293 1156 2337 eiusque
1177 2294 1221 2326 le—

471 2350 560 2387 gatos
578 2346 746 2387 hactenus,
770 2346 865 2380 etiam
886 2352 975 2380 motu
992 2347 1124 2390 proprio
1142 2353 1169 2379 et
1187 2358 1222 2379 cx

472 2404 559 2432 certa
579 2399 710 2433 scientia
726 2412 763 2434 ac
783 2401 821 2433 de
842 2401 1036 2444 apostolicae
1059 2401 1223 2443 potestatis

472 2448 685 2492 plenitudine,
708 2461 764 2483 seu
786 2450 881 2483 etiam
903 2450 1148 2494 imperatorum,
1173 2461 1223 2482 re-

472 2507 566 2539 gum,
590 2497 709 2530 ducum
731 2504 761 2531 et
781 2499 918 2532 aliorum
939 2498 1123 2542 principum
1145 2509 1221 2530 con-

473 2545 679 2588 templatione
700 2552 728 2579 et
751 2547 867 2579 intuitu
881 2574 888 2587 ,
911 2547 1005 2580 etiam
1028 2547 1066 2580 de
1087 2548 1221 2579 fratrum

472 2594 616 2633 consilio,
633 2594 861 2636 diversimode,
883 2596 1042 2639 variisque
1068 2595 1222 2639 tempori-

1065 257 1245 282 BULLARIUM
1269 256 1419 281 ROMANUM

2032 254 2082 281 An.
2098 254 2129 281 C.
2146 253 2214 282 1868

1265 308 1411 348 honesta,
1433 319 1528 342 causa
1557 318 1708 342 concessa
1728 313 1758 341 et
1777 307 1871 341 etiam
1894 307 2017 352 pluries

1267 361 1455 395 confirmata
1475 367 1506 395 et
1525 362 1672 395 innovata
1691 361 1821 402 fuerint,
1844 362 1876 394 in
1901 361 2016 406 pleris-

1266 426 1329 458 que
1345 416 1594 449 contrariantur.

1311 469 1325 512 ἓ
1346 469 1376 502 2.
1408 470 1485 511 Nos,
1509 470 1626 513 quibus
1651 469 1683 502 in
1709 470 1821 513 primis
1841 469 1930 503 cordi
1951 474 2014 507 est,
2061 483 2098 503 lun
2113 489 2162 509 ergo
2183 485 2217 504 in-

1266 528 1330 554 tam
1351 529 1458 556 sancta
1479 530 1509 557 et
1528 523 1688 557 Ecclesiae
1707 524 1775 557 'Dei
1805 523 2017 557 saluberrima
2033 514 2217 569 ξ’,ῗζζᾙξζζςῖῗῗ

1267 575 1395 609 decreta
1412 588 1502 615 suos,
1526 583 1560 610 ut
1579 588 1638 620 par
1655 582 1720 617 est,
1744 577 1876 610 effectus
1896 577 2018 620 ubique

1267 630 1420 674 consequi
1438 636 1467 663 et
1488 631 1527 663 ab
1547 630 1698 663 omnibus
1709 630 1895 664 obedienter
1910 631 2020 664 obser-

1267 683 1351 723 vari,
1386 684 1627 727 privilegiorum
1642 711 1649 724 ,
1673 684 1912 728 exemptionum
1927 712 1934 725 ,
1956 685 2017 717 im-

1267 737 1480 777 munitatum,
1515 737 1703 770 facultatum
1722 765 1729 779 ,
1766 738 2019 772 conservatoria-

1267 801 1358 829 rum,
1376 791 1590 831 indultorum,
1610 791 1904 834 confessionalium‚
1917 792 2020 826 Maris

1266 843 1381 887 Magni
1413 851 1443 878 et
1476 845 1613 877 aliarum
1643 845 1817 888 gratiarum
1839 847 2020 890 praedicta-

1267 908 1339 930 rum
1360 909 1396 931 ac
1417 909 1698 943 quarumcumque
1718 900 1968 944 apostolicarum
1989 906 2019 934 et

1266 953 1403 986 aliarum
1428 954 1595 987 literarum
1621 955 1761 998 desuper
1780 956 2018 996 confectarum,

1267 1018 1556 1051 processuumque‚
1585 1009 1788 1041 decretorum
1822 1015 1852 1042 et
1880 1009 2018 1043 aliorum

1267 1060 1340 1093 inde
1361 1068 1546 1096 secutorum
1568 1068 1713 1103 tenores,
1736 1073 1772 1095 ac
1806 1062 1831 1095 si
1863 1063 1902 1096 de
1922 1062 2019 1096 verbo

1267 1113 1449 1148 adverbum
1470 1115 1703 1155 insererentur,
1722 1115 1944 1159 praesentibus
1961 1127 2019 1160 pro

1267 1166 1465 1201 sufficienter
1480 1169 1636 1213 expressis
1656 1174 1684 1201 et
1707 1168 1800 1212 plene
1820 1169 1949 1203 insertis
1963 1169 2019 1202 ha-

1265 1220 1389 1261 bentes,
1412 1227 1501 1255 motu
1524 1223 1657 1267 proprio
1678 1227 1709 1255 et
1729 1233 1766 1255 ex
1786 1228 1872 1256 certa
1888 1222 2019 1257 scientia

1266 1285 1301 1307 ac
1323 1274 1361 1307 de
1382 1276 1576 1319 apostolicae
1606 1277 1770 1320 potestatis
1795 1276 1995 1320 plenitudine
2009 1303 2016 1317 ,

1266 1328 1351 1370 quod
1373 1329 1485 1362 eadem
1506 1329 1615 1363 omnia
1639 1335 1668 1362 et
1689 1329 1814 1372 singula
1834 1329 2016 1374 privilegia,

1266 1382 1496 1425 exemptiones,
1511 1382 1742 1423 immunitates,
1756 1383 1935 1424 facultates,
1952 1383 2017 1417 dis-

1266 1435 1481 1478 pensationes,
1496 1436 1762 1477 conservatoriae,
1779 1436 1914 1474 indulta,
1937 1436 2018 1471 Con-

1264 1488 1566 1530 fessz'onalz'a,llsc17·e
1576 1490 1733 1533 Maynum
1748 1495 1779 1523 et
1794 1490 1875 1523 aliae
1897 1489 2017 1533 gratiae

1266 1541 1297 1573 in
1317 1542 1366 1574 his
1391 1543 1542 1576 omnibus
1558 1548 1588 1576 et
1608 1543 1752 1586 singulis,
1772 1543 1805 1576 in
1824 1543 1944 1587 quibus
1963 1543 2017 1577 illa

1266 1595 1391 1628 statutis
1425 1601 1455 1629 et
1492 1596 1629 1630 decretis
1663 1596 1791 1631 concilii
1830 1596 2017 1631 huiusmodi

1266 1649 1516 1691 contrariantur,
1540 1649 1609 1694 ipso
1630 1651 1699 1683 iure
1720 1656 1878 1690 revocata,
1896 1656 2016 1684 cassata

1266 1708 1294 1735 et
1315 1704 1489 1743 annullata,
1510 1715 1545 1736 ac
1567 1704 1605 1736 ad
1633 1704 1733 1748 ipsius
1754 1704 1882 1737 concilii
1903 1704 2014 1738 termi-

1266 1767 1324 1789 nos
1357 1762 1452 1800 atque
1486 1757 1602 1790 limites
1636 1758 1768 1791 reducta
1801 1758 1864 1792 sint
1890 1763 1921 1792 et
1949 1770 2016 1792 esse

1266 1816 1478 1847 censeantur2
1504 1822 1562 1844 nec
1584 1810 1758 1854 quicquam
1778 1812 1930 1845 adversus
1950 1813 2016 1857 ipsa

1266 1864 1394 1897 decreta
1428 1870 1457 1897 et
1487 1870 1619 1905 statuta,
1651 1865 1826 1908 quominus
1846 1866 1967 1910 ubique
1987 1872 2018 1899 et

1266 1918 1352 1960 apud
1385 1928 1496 1951 omnes
1525 1919 1745 1959 observentur,
1768 1919 1801 1951 in
1821 1919 1930 1964 aliquo
1950 1920 2016 1953 suf-

1266 1971 1382 2013 fragari
1404 1983 1513 2015 posse,
1537 1972 1590 2005 sed
1622 1983 1658 2004 ea
1692 1972 1826 2015 perinde
1850 1973 1962 2006 haberi
1987 1979 2017 2007 et

1267 2025 1410 2068 reputari
1430 2025 1560 2065 debere,
1574 2036 1609 2058 ac
1632 2025 1656 2058 si
1673 2036 1851 2070 numquam
1873 2037 2018 2060 emanas-

1266 2084 1347 2118 sent,
1370 2079 1559 2111 auctoritate
1580 2079 1768 2122 apostolica,
1792 2085 1902 2113 tenore
1923 2091 2016 2124 prae-

1266 2131 1417 2171 sentium,
1437 2132 1651 2173 declaramus,
1674 2144 1711 2166 ac
1731 2133 1827 2166 etiam
1847 2133 2017 2167 statuimus

1266 2190 1296 2218 et
1315 2186 1515 2219 ordinamus.

1309 2239 1324 2282 ξ
1343 2238 1374 2272 3.
1397 2239 1611 2273 Decernentes
1631 2240 1842 2274 nihilominus
1861 2240 1970 2274 omnia
1985 2246 2016 2274 et

1266 2293 1403 2335 singula,
1421 2304 1503 2336 quae,
1519 2294 1625 2337 vigore
1641 2294 1894 2338 privilegiorum,
1912 2305 2015 2327 exem·
2029 2291 2211 2346 ξζζᾈῇΜ-ζῇίξξιξζ

1266 2346 1433 2390 ptionum,
1466 2347 1706 2381 immunitatum
1741 2353 1770 2381 et
1803 2347 2014 2392 dispensatio-
2029 2350 2105 2370 ⁶¹··¹¹¹¹·¹
2139 2350 2210 2371 ⁰⁰¹¹&-

1265 2411 1343 2433 num
1357 2427 1364 2441 ,
1388 2402 1592 2441 facultatum,
1616 2401 1923 2435 conservatoriarum
1936 2428 1943 2442 ,
1964 2401 2014 2434 in-
2028 2381 2077 2440 lilius
2089 2382 2154 2433 lilii:
2161 2386 2208 2434 ἐξ.

1265 2450 1428 2483 dultorum
1449 2477 1456 2487 ,
1496 2450 1774 2484 confessionalium
1811 2455 1841 2483 et
1878 2450 2014 2484 aliarum
2029 2445 2134 2466 ‘¹⁰⁰⁰''¹¹“'

1265 2498 2013 2543 quartuncumqucgratiarumhuiusmodi,post

1266 2547 1296 2578 id
1318 2553 1455 2590 tempus,
1469 2559 1534 2591 quo
1546 2548 1720 2580 concilium
1737 2547 1877 2590 obligare
1894 2548 2011 2592 coepit,

1266 2596 1346 2628 facta
1366 2602 1396 2629 et
1415 2603 1502 2639 gesta
1522 2596 1763 2640 quomodolibet
1782 2597 1913 2629 fuerunt
1932 2603 1962 2630 et
1982 2598 2013 2630 in

2056 2256 2079 2277 Ε(
2096 2263 2167 2278 eorum
2181 2256 2211 2278 vt-

471 2642 545 2683 bus,
558 2643 590 2676 in
607 2654 724 2687 genere
735 2645 783 2677 vel
795 2644 916 2689 specie,
930 2655 967 2678 ex
982 2644 1104 2688 quavis,
1128 2644 1222 2677 etiam
1240 2664 1246 2706 l
1266 2651 1432 2688 posterum
1452 2646 1541 2686 fient,
1559 2645 1592 2678 in
1607 2645 1655 2686 iis,
1676 2645 1837 2689 inquibus
1849 2645 2013 2680 dicticon-
