2237 3100
74 223 125 252 An.
142 224 172 252 C.
192 223 258 252 1560

87 333 126 354 Der
130 340 153 353 o
144 335 199 360 buati}
210 339 259 361 quo-

73 372 125 386 ΙῚΙΙΥΗ
126 372 144 385 u
148 371 193 392 ''nuq
183 370 207 386 ue
237 372 256 385 tn

73 398 208 417 conuiuium.

98 2476 218 2499 Exordium.

958 220 1024 247 PH'S
1045 222 1074 247 tv
1095 221 1141 246 PP.

318 278 333 323 Ε
353 276 384 312 2.
406 276 475 312 Non
492 273 693 311 obstantibus
709 274 856 321 p1¹>aeini
852 277 893 310 is
905 282 962 310 et
954 288 1030 320 apo-

275 331 394 365 stolicis
420 342 458 366 ac
488 331 741 376 provincialibus
767 336 795 364 et
825 331 1030 366 sinodalibus

274 385 559 419 constitutionibus
579 391 607 418 et
629 385 898 425 ordinationibus,
921 396 957 417 ac
977 395 1029 417 ve-

273 439 330 473 stri
346 438 473 473 Ordinis
493 445 523 472 et
539 439 809 483 congregationis,
829 439 925 471 etiam
946 439 1030 472 iura-

274 498 392 534 mento,
404 492 650 526 confirmatione
661 493 837 536 apostolica
852 493 899 525 vel
920 492 1030 536 quavis

273 547 425 581 firmitate
440 546 502 580 alia
522 546 693 588 roboratis,
717 547 863 580 statutis!
884 552 911 580 et
931 546 1031 579 literis

273 600 458 644 apostolicis
491 601 523 633 in
558 600 755 634 contrarium
786 600 1029 644 quomodolibet

272 655 450 695 concessis,
487 654 685 688 confirmatis
718 660 746 687 et
781 654 874 687 etiam
909 653 1030 687 iteratis

272 708 395 742 vicibus
414 708 582 741 innovatis.
601 708 723 748 Quibus
743 708 893 741 omnibus
914 713 942 740 et
964 707 1029 741 sin-

273 762 378 804 gulis,
407 762 500 795 etiam
533 761 558 795 si
590 762 628 795 de
659 762 720 795 illis
752 772 931 805 eorumque
957 761 1030 794 totis

274 815 440 849 tenoribus
460 815 618 860 specialis,
640 815 802 859 specifica,
826 825 974 859 expressa
1001 822 1028 849 et

273 869 437 903 individua
468 881 505 903 ac
530 870 568 903 de
592 870 690 903 verbo
719 869 758 902 ad
783 869 937 910 verbum,
965 879 1029 903 non

274 928 382 957 autem
393 934 452 967 per
461 923 622 957 clausulas
632 923 798 967 generales
810 923 893 956 idem
910 922 952 955 im
958 934 1030 967 por-

275 982 388 1018 tantes,
412 977 533 1011 mentio
562 988 619 1011 seu
639 976 769 1021 quaevis
785 977 846 1009 alia
867 977 1029 1020 expressio

274 1030 422 1065 habenda
442 1032 538 1072 soret,
566 1038 693 1065 tenores
717 1031 921 1071 huiusmodi,
949 1043 984 1065 ac
1006 1033 1030 1065 si

275 1084 313 1116 de
335 1085 430 1118 verbo
450 1085 489 1118 ad
513 1085 646 1118 verbum
670 1084 910 1127 insererentur,
936 1096 1029 1130 prae-

276 1137 420 1171 sentibus
432 1149 489 1182 pro
501 1139 594 1183 plene
615 1144 643 1171 et
661 1138 859 1172 sufficienter
873 1138 1031 1184 expressis

277 1192 440 1233 habentes,
450 1192 512 1225 illis
522 1192 599 1225 alias
620 1192 651 1225 in
673 1192 861 1226 suorobore
883 1204 1031 1236 perman·

276 1245 512 1285 suris‚hacx·ice
532 1246 707 1288 dumtaxat,
728 1246 910 1292 specialiter
930 1253 961 1280 ct
981 1259 1031 1281 ex-

275 1310 384 1343 presse
408 1299 622 1344 derogamus,
654 1301 834 1346 ceterisque
861 1302 1031 1335 contrariis

274 1352 548 1398 quibuscumque.

318 1407 432 1441 Datum
452 1408 573 1442 Romae
597 1409 684 1453 apud
705 1409 858 1443 Sanctum
885 1411 1027 1451 Petrum,

273 1460 334 1494 sub
349 1462 470 1495 annulo
480 1462 798 1503 Piscatoris,diexx1v
818 1464 905 1502 maii,
926 1465 1030 1498 mille-

274 1514 355 1548 simo
378 1515 638 1559 quingentesimo
659 1518 875 1561 sexagesimo,
899 1519 1029 1563 pontiti-

274 1573 364 1601 catus
384 1569 484 1602 nostri
505 1580 590 1604 anno
610 1580 632 1605 1.

322 1626 384 1658 Dat.
406 1628 452 1657 die
475 1628 512 1658 ‘24
537 1630 606 1660 maii
626 1630 713 1666 1560,
736 1631 838 1669 pontis.
862 1641 938 1660 anno
962 1641 980 1662 ι.

625 1770 676 1803 tx.

270 1836 385 1880 Spolia
413 1847 627 1880 perso-narum
657 1838 961 1876 ecelesias[nemum,
995 1838 1031 1871 cle

317 1896 426 1919 eorum
455 1887 563 1926 bonis,
590 1887 691 1920 etiam
718 1888 760 1919 ad
785 1888 925 1929 furorem
948 1887 1030 1920 loco-

317 1946 391 1968 rum
413 1936 562 1979 piorum,
583 1936 699 1980 absque
718 1936 810 1969 Sedis
831 1937 1031 1979 Apostole'cae

269 2000 275 2005 -
317 1985 461 2026 licentia,
477 1987 736 2029 disponentium,
758 1990 903 2028 spectant
921 1986 962 2018 ml
972 1986 1031 2019 Re-

316 2036 489 2069 verendam
510 2035 679 2069 Camarum
701 2035 919 2078 Apostolicmn
938 2034 965 2069 2.

273 2095 335 2124 rius
358 2094 429 2130 Papa
454 2094 485 2123 lv
509 2094 610 2123 dilecto
629 2094 684 2122 filio
714 2094 853 2122 Francisco
878 2094 1029 2127 adescatco.

319 2143 446 2172 camerae
469 2144 638 2179 Apostolicae
666 2143 834 2179 praesidenti
866 2150 898 2172 ac
932 2145 1030 2180 spolio·

317 2199 379 2221 rum
398 2199 628 2229 quorumcumque
648 2193 676 2222 in
699 2193 825 2222 universa
848 2193 931 2222 ltalia
950 2195 1029 2223 colte-

317 2242 390 2271 ctori
409 2243 506 2271 nostro
525 2243 657 2278 generali.

272 2296 376 2325 nitente
383 2296 433 2330 fili,
448 2296 568 2325 salutem
578 2298 606 2326 et
617 2298 796 2333 apostolicam
806 2298 1029 2327 benedictionem.

318 2353 418 2388 Grave
438 2354 531 2388 nobis
543 2361 573 2388 et
588 2356 758 2389 molestum
775 2356 921 2390 accidere
937 2359 1027 2395 solet,

273 2414 348 2436 cum
358 2404 396 2437 de
408 2415 622 2448 personarum
631 2405 919 2439 ecclesiasticarum
933 2408 1030 2441 actio-

309 2469 321 2494 t
344 2468 457 2494 statutis
471 2471 495 2494 et
506 2470 748 2500 consuetudinibus,
760 2472 908 2501 prii-newis
919 2480 1029 2504 qnoque,

273 2509 384 2534 fridunis
403 2512 426 2534 ol
444 2510 530 2535 literis
550 2511 709 2541 apostolicis,
730 2509 845 2536 Cherub.
870 2511 907 2544 (n.
926 2510 977 2546 Τ.).

306 2550 322 2574 -2
340 2548 395 2575 Hoc
411 2548 481 2575 idem
501 2550 595 2575 statuit
612 2548 709 2575 Paulus
726 2548 771 2582 ttt,
793 2553 821 2576 ut
842 2551 868 2577 in
889 2550 946 2577 eius
962 2559 1029 2579 con-

273 2588 413 2616 stitutione
433 2595 559 2621 xxxvtn,
578 2590 705 2621 Romani,
728 2593 792 2616 tom.
817 2598 842 2617 vt
856 2611 862 2623 ,
881 2599 940 2626 pag.
967 2592 1028 2619 517.

272 2628 342 2655 Haec
359 2633 444 2656 tamen
461 2629 564 2657 licentia
583 2637 633 2657 non
657 2629 818 2664 suffragatur
837 2632 936 2659 curatis
954 2635 1028 2659 extra

1744 212 1784 249 27

1073 275 1188 313 nibus,
1216 286 1298 317 quae
1326 273 1517 318 integritatis
1541 276 1688 319 exemplo
1714 277 1829 311 ceteris

1073 334 1235 372 praestare
1247 328 1376 365 debent.
1388 340 1423 362 ea
1432 329 1523 362 nobis
1533 330 1734 371 deferuntur,
1745 342 1828 375 quae

1073 388 1104 416 et
1123 393 1236 416 corum
1257 383 1360 415 famae
1383 383 1598 417 sinceritatem
1612 384 1782 428 denigrare
1798 392 1830 419 et

1072 436 1223 470 Gamerae
1237 443 1305 470 nost
1313 437 1564 481 rchpostolicae
1583 437 1829 472 incommodum

1073 502 1108 523 ac
1139 490 1368 524 detrimentum
1402 491 1517 525 afferre
1542 491 1710 532 videntur,
1742 493 1828 525 unde

1074 555 1143 581 nos,
1160 550 1195 577 ut
1215 544 1452 578 malitiosorum
1472 545 1576 588 pravis
1596 545 1830 579 intentionibus

1073 609 1246 632 occurrere
1276 599 1456 639 valeamus,
1487 599 1594 632 debita
1621 599 1830 643 postmodum

1061 648 1215 685 'remedia
1236 652 1267 685 in
1289 652 1431 685 medium
1453 654 1568 686 afferre
1589 658 1619 686 et
1639 653 1830 696 perniciosis

1073 705 1256 743 fraudibus,
1290 712 1386 749 prout
1412 717 1448 739 ex
1482 706 1669 740 universatis
1701 712 1829 741 nostrae

1073 759 1186 792 Curiae
1204 759 1405 792 solicitudine
1420 766 1578 801 teiwmur,
1597 760 1725 794 obviare
1741 761 1830 804 cogi-

1073 823 1157 845 mur.

1118 867 1132 907 ξ
1153 866 1182 898 ι1.
1207 867 1284 899 Cum
1308 867 1414 910 itaque
1434 868 1528 905 (sicut
1552 879 1587 901 ex
1609 869 1787 912 proborum
1800 875 1829 902 et

1073 918 1135 951 side
1157 919 1329 963 dignorum
1357 921 1525 954 hominum
1546 922 1701 955 relatione
1725 933 1831 966 nuper

1073 973 1275 1017 accepimus)
1295 975 1506 1018 quamplures
1526 976 1673 1019 praelati,
1697 977 1829 1020 presby·

1074 1027 1132 1059 teri
1153 1032 1183 1060 et
1199 1027 1280 1060 aliae
1296 1028 1531 1061 ecclesiasticae
1554 1040 1711 1072 personae
1726 1029 1829 1064 diver-

1074 1091 1182 1114 sarum
1199 1081 1454 1125 proxim-iarum,
1466 1083 1614 1116 locorum
1627 1089 1654 1116 et
1669 1084 1829 1118 dominio-

1074 1146 1145 1167 rum
1168 1141 1194 1167 et
1213 1136 1402 1179 praesertim
1420 1136 1509 1179 regni
1530 1137 1691 1181 Neapolis,
1710 1138 1798 1170 nulla
1813 1148 1830 1170 a

1074 1188 1166 1221 nobis
1180 1200 1236 1222 seu
1249 1189 1328 1222 Sede
1338 1190 1522 1234 Apostolica
1532 1190 1682 1224 facultate
1695 1191 1830 1224 testandi

1074 1242 1196 1275 sutl'ttlti
1217 1244 1264 1276 vel
1287 1243 1414 1281 muniti,
1428 1244 1482 1277 sed
1504 1245 1682 1279 temeritate
1699 1246 1830 1290 propria

1074 1301 1104 1329 et
1124 1296 1231 1329 forsan
1252 1298 1290 1330 ad
1313 1308 1447 1331 suorum
1469 1298 1688 1342 importunam
1714 1310 1829 1343 sugge-

1073 1350 1210 1383 stionem
1227 1351 1371 1395 impulsi,
1394 1352 1424 1384 in
1447 1363 1560 1385 eorum
1578 1352 1699 1386 ultimis
1715 1354 1829 1387 volun-

1075 1404 1191 1437 tatibus
1212 1410 1400 1439 testamenta
1426 1417 1483 1439 sua
1504 1406 1692 1447 condendo,
1715 1418 1752 1440 ac
1772 1408 1829 1440 do-

1074 1458 1219 1492 nationes
1237 1470 1293 1493 seu
1309 1461 1411 1503 legata
1424 1465 1478 1493 aut
1496 1460 1662 1494 codicillos
1673 1461 1829 1501 faciendo,

1073 1512 1111 1545 dc
1132 1511 1224 1545 bonis
1240 1513 1305 1547 suis
1326 1513 1555 1553 diversimode,
1577 1514 1650 1548 licet
1673 1514 1704 1548 id
1725 1516 1830 1548 facere

1074 1567 1164 1599 nullo
1184 1567 1280 1601 modo
1307 1568 1427 1611 possint
1457 1579 1562 1612 neque
1588 1568 1742 1610 debeant,
1765 1569 1828 1602 dis-

1050 1632 1195 1681 ,ροηιῗιε
1220 1622 1379 1663 audeant3
1408 1622 1541 1667 ipsaque
1566 1623 1670 1664 bona,
1698 1623 1757 1657 sub
1782 1623 1830 1656 di-

1050 1656 1135 1707 ’zvei
1130 1674 1171 1707 sis
1191 1675 1337 1709 confictis
1358 1677 1576 1735 praetextibus
1601 1683 1631 1710 et
1651 1677 1826 1711 coloribus

1050 1747 1054 1780 ξ
1050 1727 1132 1770 ,hos
1120 1728 1288 1772 pitalibus
1313 1740 1350 1763 ac
1371 1729 1431 1774 piis
1461 1730 1522 1764 lot
1516 1742 1540 1763 is
1574 1736 1601 1764 et
1625 1731 1732 1764 forsan
1754 1742 1826 1764 cum

1073 1782 1343 1824 promissionibus
1372 1784 1578 1817 clandestinis
1603 1785 1690 1828 quod
1715 1795 1827 1818 eorum

1074 1837 1322 1881 consanguineis
1342 1839 1389 1871 vel
1410 1838 1561 1872 affinibus
1581 1844 1634 1872 aut
1664 1838 1734 1872 aliis
1755 1850 1827 1883 per-

1073 1889 1160 1923 sonis
1189 1891 1228 1924 ab
1254 1890 1373 1925 eisdem
1404 1891 1610 1926 testatoribus
1636 1891 1827 1928 nominatis,

1072 1949 1143 1987 post
1163 1944 1295 1978 illorum
1316 1945 1451 1985 obitum,
1465 1947 1505 1980 ab
1520 1946 1598 1991 ipsis
1617 1946 1830 1990 hospitalibus

1073 2003 1101 2029 et
1125 1998 1204 2031 locis
1234 1999 1272 2032 de
1294 2006 1380 2032 certa
1401 2011 1456 2033 sen
1488 2006 1587 2044 quota
1607 2000 1756 2045 portione
1775 2000 1831 2034 bo-

1073 2061 1190 2084 norum
1222 2052 1410 2087 huiusmodi
1436 2054 1665 2095 sulueniatur,
1696 2055 1827 2092 testari,

1074 2105 1271 2149 relinquere,
1285 2107 1405 2149 legare,
1427 2107 1604 2140 codic-illari
1630 2118 1694 2140 non
1711 2108 1829 2141 crube-

1073 2166 1174 2201 scant,
1190 2160 1336 2194 indictae
1348 2161 1501 2194 Camerat·
1518 2172 1611 2204 graw
1633 2162 1788 2194 damnum
1799 2168 1827 2195 et

1073 2214 1310 2258 praeiudicium
1331 2214 1526 2255 maxinmm;
1553 2216 1656 2249 dictae
1677 2216 1828 2249 Gamerae

1073 2267 1275 2301 indemnitati
1286 2275 1469 2313 opportune
1482 2270 1663 2308 consulere,
1678 2275 1705 2303 et
1719 2270 1829 2303 incon-

1071 2321 1272 2356 venientibus
1304 2323 1502 2363 huiusmodi,
1526 2334 1584 2367 pro
1606 2323 1702 2356 officii
1727 2324 1826 2357 nostri

1073 2375 1191 2418 debito,
1205 2388 1386 2420 congruum
1408 2377 1586 2410 remedium
1608 2378 1761 2411 adhibere
1773 2389 1826 2410 vo-

1074 2431 1185 2464 lentes.

1117 2484 1131 2527 g
1159 2484 1190 2517 ΕΣ.
1213 2485 1300 2518 Motu
1326 2484 1459 2530 proprio
1481 2489 1511 2518 et
1531 2496 1567 2518 ex
1588 2491 1676 2519 certa
1696 2484 1828 2518 scientia

1074 2551 1246 2578 residentiam
1262 2551 1464 2584 decedentibus,
1485 2556 1512 2578 ut
1524 2552 1590 2579 infra
1601 2554 1626 2579 in
1640 2553 1828 2579 constitution:

1072 2591 1104 2617 In
1124 2599 1258 2624 suprema.
1277 2592 1329 2620 Sed
1346 2592 1460 2619 curiales
1472 2592 1568 2619 habent
1580 2592 1748 2627 privilegium
1759 2593 1828 2618 circa

1073 2630 1170 2666 spolia,
1190 2636 1219 2658 ut
1236 2632 1300 2659 infra
1322 2633 1345 2659 in
1367 2632 1438 2660 Pauli
1457 2632 1479 2661 V
1495 2632 1602 2659 constit.
1623 2634 1651 2658 ln
1673 2634 1809 2658 emmena.

1846 222 1895 250 An.
1914 221 1941 250 C.
1964 221 2031 251 ¹560

1873 880 1939 901 (initia
1953 883 2031 902 consti-

1847 913 1940 932 tutionis⁴
