2237 3100
225 294 274 320 Au.
293 294 320 321 C.
340 292 408 320 1566

240 514 351 538 Derogatio
362 517 411 533 con-

227 547 348 566 uariorum,

274 1946 347 1966 Forma
363 1949 382 1965 ct
399 1944 431 1965 ei-

247 1979 315 1999 tectus
335 1978 432 2004 publica-

248 2013 317 2042 tionis.

280 2413 403 2435 Publicatio,

466 282 534 316 434

425 343 678 378 contradictores
702 341 862 385 quoslibet
887 337 1075 372 auctoritate
1096 345 1173 378 apo-

425 397 536 431 stolica
556 394 804 440 compescendo.

468 450 483 493 ἐ
513 449 544 482 3.
580 449 649 481 Non
683 445 883 479 obstantibus
917 442 1102 487 praemissis
1139 452 1177 474 ac

424 502 589 547 quibusvis
609 498 894 533 constitutionibus
914 501 944 529 et
964 494 1176 528 ordinationi-

424 557 484 588 bus
504 552 700 598 apostolicis,
722 561 850 584 necnon
870 548 1091 588 ecclesiarum,
1112 557 1178 580 mo-

425 607 654 646 nasteriorum,
686 609 916 643 conventuum,
947 602 1120 635 domorum
1149 605 1179 634 ct

424 661 564 694 aliorum
584 660 733 692 locorum
747 643 1000 701 praedictorum,
1020 654 1117 688 ctiam
1133 654 1180 686 iu-

426 718 588 751 ramento,
633 711 880 744 confirmatione
918 707 1095 753 apostolica
1132 707 1180 740 vel

426 766 536 810 quavis
556 765 706 798 firmitate
731 764 793 797 alia
814 762 984 803 roboratis,
1007 760 1131 794 statutis
1151 766 1181 793 ct

427 818 729 858 consuetudinilnis,
759 816 935 861 privilegiis
959 825 1100 858 quoque,
1130 813 1180 846 in-

428 872 526 904 dultis
545 876 574 904 et
594 870 695 904 literis
715 869 902 914 apostolicis
927 868 1047 901 eisdem
1077 867 1181 900 cccle-

429 925 494 965 siis,
522 923 736 963 monasteriis,
759 922 909 956 domibus
934 927 965 954 et
984 920 1080 961 locis,
1109 920 1181 952 illo-

429 989 567 1021 rumque
588 977 751 1021 capitulis,
783 975 1006 1014 conventibus,
1034 973 1183 1017 superio-

430 1032 519 1065 ribus
539 1036 570 1064 et
594 1030 740 1075 personis
760 1040 796 1062 ac
817 1027 1003 1067 Ordinibus,
1029 1028 1088 1060 sub
1109 1026 1183 1070 qui-

429 1087 632 1129 buscumque
653 1084 820 1117 tenoribus
840 1088 871 1116 et
891 1081 1022 1121 formis,
1053 1091 1089 1113 ac
1110 1090 1184 1113 cuin

430 1138 606 1182 quibusvis,
629 1138 724 1171 etiam
745 1135 1025 1179 derogatoriarum
1050 1134 1185 1176 deroga-

431 1192 538 1231 toriis,
574 1191 709 1234 aliisque
743 1188 979 1223 efficacioribus
999 1193 1026 1220 et
1049 1186 1187 1220 insolitis

433 1245 597 1285 clausulis,
620 1254 748 1277 necnon
768 1242 970 1276 irritantibus
991 1247 1021 1274 et
1041 1240 1111 1273 aliis
1131 1241 1186 1273 de-

434 1299 538 1338 cretis,
564 1298 660 1332 etiam
681 1297 719 1330 ad
742 1295 959 1340 imperatoris,
986 1304 1113 1337 regum,
1136 1304 1187 1326 rc-

435 1351 603 1393 ginarum,
636 1350 756 1383 ducum
777 1354 809 1382 et
836 1349 975 1381 aliorum
1005 1347 1188 1390 principum

437 1404 640 1443 instantiam,
665 1409 720 1436 aut
753 1412 868 1435 eorum
902 1400 1186 1443 contemplatione,

438 1459 534 1491 otiam
556 1462 645 1490 motu
666 1455 798 1500 proprio
819 1460 850 1487 et
874 1465 909 1487 cx
931 1458 1019 1487 certa
1038 1453 1188 1492 scientia,

438 1523 475 1545 ac
491 1511 568 1544 alias
583 1509 825 1553 quomodolibet
840 1507 1013 1547 concessis,
1029 1507 1190 1550 approba-

441 1566 479 1598 tis
499 1570 527 1597 et
544 1562 714 1603 innovatis,
731 1562 850 1605 quibus
862 1560 1012 1594 omnibus
1028 1560 1096 1604 ipsa
1112 1559 1191 1593 San-

441 1617 532 1651 ctitas
556 1617 632 1656 Sua,
658 1616 788 1648 illorum
810 1621 938 1647 tenores
960 1624 1020 1657 pro
1036 1612 1194 1656 expressis

442 1671 575 1710 liabens,
598 1668 780 1713 specialiter
799 1673 827 1700 et
850 1677 999 1710 expresse
1019 1665 1194 1709 derogavit,

442 1724 572 1766 illaque,
595 1722 702 1766 quoad
715 1721 900 1765 praemissa,
917 1719 1051 1753 cassavit
1067 1718 1195 1763 penitus

443 1782 474 1809 et
501 1776 689 1815 annullavit,
726 1774 906 1817 ceterisque
934 1773 1103 1808 contrariis
1122 1772 1195 1815 qui-

446 1830 661 1872 buscumque.

489 1883 504 1925 ἓ
527 1882 559 1914 4.
590 1882 772 1915 Decerncns
794 1885 989 1923 praesentes,
1019 1888 1197 1920 earumque

446 1935 555 1979 copias
571 1945 628 1979 per
648 1934 789 1977 aliquem
811 1944 847 1965 ex
868 1932 934 1965 suis
958 1931 1146 1965 cursoribus
1166 1930 1198 1963 in

445 1988 597 2022 basilicae
623 1987 781 2031 Principis·
806 1986 1034 2030 Apostolorum
1056 1985 1094 2017 de
1115 1984 1199 2017 Urbe

447 2047 478 2074 et
497 2040 719 2074 Lateranensis
744 2050 782 2072 ac
801 2038 1018 2072 Cancellariae
1038 2037 1199 2081 Apostoli-

449 2105 504 2128 cac
532 2093 627 2127 valvis
648 2093 767 2132 affixas,
799 2102 923 2131 omnes,
954 2101 1028 2124 cum
1058 2091 1200 2134 primum

449 2158 560 2182 earum
582 2146 727 2180 notitiam
756 2144 940 2185 habuerint,
972 2144 1107 2187 perinde
1131 2144 1201 2176 assi-

449 2212 535 2242 cerc‚
571 2211 608 2234 ac
638 2200 663 2233 si
696 2200 759 2232 illis
791 2198 1005 2242 personaliter
1039 2197 1202 2230 intimatae

450 2255 595 2289 fuissent.

570 2308 687 2348 Placet,
710 2312 741 2340 et
760 2306 803 2339 ita
823 2305 1026 2339 mandamus.
1046 2304 1085 2336 M.

495 2363 587 2395 Anno
608 2372 626 2394 a
647 2360 810 2394 nativitate
820 2358 950 2392 Domini
969 2367 1099 2397 MDvat,
1120 2356 1204 2389 indi-

453 2416 558 2449 ctione
586 2425 628 2455 lx,
656 2414 708 2447 die
726 2423 802 2446 vero
831 2422 903 2445 xxix
931 2411 1050 2446 mensis
1078 2410 1203 2450 martii,

453 2464 661 2508 pontificatus
687 2461 879 2496 sanctissimi
908 2461 939 2493 in
960 2460 1084 2493 Christo
1109 2459 1207 2502 patris

454 2519 485 2546 et
504 2513 540 2545 D.
562 2513 599 2545 N.
621 2513 657 2545 D.
679 2512 725 2544 Pii
746 2510 851 2543 divina
878 2508 1079 2553 providentia
1103 2507 1207 2550 Papae

454 2561 558 2605 quinti
590 2571 675 2593 anno
699 2561 816 2604 primo,
841 2556 1077 2602 suprascriptae
1097 2557 1208 2589 literae

456 2611 570 2650 lectae,
583 2609 694 2642 assixac
705 2614 733 2642 et
747 2607 930 2652 publicatae
940 2607 1071 2639 suerunt
1082 2605 1114 2637 in
1129 2605 1209 2637 locis

457 2657 695 2703 suprascriptis,
717 2662 753 2690 ut
778 2655 878 2690 moris
900 2660 958 2695 est,
980 2664 1039 2698 per
1058 2663 1110 2687 me
1131 2653 1208 2687 Ber-

1016 282 1197 308 BULLARIUM
1220 280 1372 305 ROMANUM

1215 333 1387 366 nardinum
1408 331 1634 372 Andreutiuin,
1656 330 1869 375 apostolicum
1897 339 1972 362 cur-

1217 396 1336 419 sorem.

1263 438 1370 482 Scipio
1391 438 1430 470 de
1450 437 1639 477 Octavianis‚
1661 447 1745 479 mag.
1764 445 1948 470 cursorum.

1248 496 1331 527 Publ.
1355 496 1403 526 die
1420 495 1459 525 ⁶29
1480 495 1576 524 martii
1600 495 1688 531 1566,
1704 494 1806 533 pontis.
1829 503 1906 524 auno
1926 503 1943 523 1.

1570 645 1621 678 lx.

1223 711 1454 745 Ordinationes
1487 712 1571 744 circa
1602 711 1841 745 observantiam
1868 711 1976 744 divini

1266 766 1368 798 cultus
1387 766 1424 797 in
1444 764 1593 803 ecclesiis,
1615 768 1644 797 ct
1667 765 1909 798 venerationem
1931 764 1976 806 se-

1265 819 1465 853 stivstatwrz:
1490 828 1614 850 necnon
1638 822 1668 850 et
1688 822 1802 851 contra
1819 818 1978 851 simonia-

1268 882 1329 912 cos,
1352 871 1634 914 blasphematores,
1650 871 1837 904 sodomitas
1855 875 1885 905 et
1905 881 1978 904 cone

1269 925 1454 960 cubzssnarios
1474 924 1500 957 1.

1306 1006 1368 1034 Pius
1387 1006 1529 1042 episcopus
1558 1013 1655 1035 servus
1674 1012 1816 1035 servorum
1832 1005 1894 1039 Dei,

1361 1061 1394 1088 acl
1419 1062 1583 1097 perpetuam
1603 1061 1644 1089 rei
1662 1060 1830 1090 memoriam.
1923 1047 1925 1050 ¹

1271 1131 1350 1165 Cum
1371 1132 1513 1176 primum
1544 1132 1742 1175 apostolatus
1766 1131 1910 1166 officium
1931 1132 1979 1166 di-

1227 1185 1299 1218 vina
1327 1186 1421 1219 nobis
1449 1185 1660 1229 dispositione
1694 1184 1905 1219 commissum
1925 1196 1980 1219 su-

1229 1239 1402 1282 scepimus,
1425 1239 1530 1272 statim
1551 1249 1682 1272 omnem
1708 1249 1820 1271 curam
1841 1243 1872 1272 et
1891 1239 1980 1283 cogi-

1231 1292 1382 1325 tationem
1404 1297 1546 1325 nostram
1568 1292 1600 1324 in
1616 1291 1771 1325 dominici
1786 1292 1892 1336 gregis
1906 1292 1982 1326 fidei

1230 1351 1358 1378 nostrae
1383 1345 1496 1379 crediti
1516 1346 1620 1379 salute
1639 1345 1819 1386 defiximus,
1844 1350 1875 1379 et
1894 1345 1983 1379 chri-

1231 1398 1468 1439 stifideles,Deo
1487 1399 1626 1439 iuvante,
1649 1398 1692 1432 ita
1711 1398 1850 1442 dirigere
1869 1398 1983 1433 statui-

1232 1462 1316 1491 mus,
1346 1457 1392 1492 ut,
1419 1463 1437 1485 a
1460 1452 1543 1485 vitiis
1558 1458 1589 1485 et
1613 1451 1754 1496 peccatis
1774 1451 1983 1494 abstinentes,

1234 1505 1305 1545 iter,
1327 1506 1414 1550 quod
1439 1505 1478 1538 ad
1503 1505 1598 1538 vitam
1626 1510 1791 1539 aeternam
1811 1505 1913 1547 ducit,
1934 1505 1985 1539 in-

1234 1564 1355 1592 sistant.

1278 1613 1293 1656 g
1313 1612 1344 1645 t.
1367 1611 1447 1646 Cum
1472 1618 1581 1646 autem
1597 1612 1637 1645 ad
1656 1611 1778 1653 omnia,
1804 1623 1888 1656 quae
1907 1612 1988 1646 divi-

1235 1677 1309 1699 nam
1331 1666 1525 1699 Maiestatem
1550 1665 1660 1709 aliquo
1679 1665 1776 1699 modo
1794 1671 1925 1710 possent
1940 1665 1988 1700 of-

1236 1720 1379 1759 fendere,
1402 1719 1558 1752 movenda
1569 1711 1581 1761 ,'
1598 1719 1715 1752 mentis
1738 1724 1868 1753 nostrae
1884 1719 1988 1753 aciem

1237 1772 1483 1813 intenderimus,
1513 1783 1549 1805 ea
1576 1772 1719 1816 primum
1746 1777 1778 1805 et
1806 1772 1875 1806 sine
1899 1782 1992 1806 mora

1239 1827 1411 1859 emendare
1438 1825 1651 1866 decrevimus,
1676 1835 1760 1869 quae
1779 1825 1844 1858 Deo
1863 1830 1992 1869 praeter

1240 1884 1345 1913 cetera
1365 1878 1549 1922 displicere,
1572 1883 1602 1912 et
1618 1879 1700 1911 iram
1716 1877 1786 1911 eins
1801 1888 1990 1922 provocare,

1241 1943 1314 1965 cum
1338 1932 1463 1965 divinae
1483 1933 1599 1965 docent
1619 1931 1818 1975 Scripturae,
1836 1937 1907 1965 tum
1922 1941 1994 1975 gra-

1240 1987 1368 2020 vissima
1388 1986 1534 2030 exempla
1553 1985 1737 2025 declarant,
1754 1995 1872 2029 nempe
1896 1984 1994 2018 divini

1242 2042 1350 2074 cultus
1374 2041 1569 2083 neglectum,
1589 2039 1746 2073 simoniae
1765 2038 1884 2079 labem,
1908 2038 1994 2072 blas-

1242 2094 1391 2138 phemiae
1416 2094 1539 2127 crimen
1560 2098 1591 2126 et
1605 2092 1747 2126 libidinis
1767 2097 1901 2126 naturae
1916 2101 1995 2126 con-

1243 2147 1361 2181 trariae
1381 2147 1491 2179 vitium
1513 2145 1743 2186 execrandum,
1765 2150 1898 2190 propter
1912 2155 1996 2189 quae

1281 2217 1292 2242 ¹
1315 2214 1407 2248 Quoad
1426 2215 1537 2249 primam
1563 2217 1666 2249 partem
1691 2213 1770 2240 huius
1795 2211 1997 2240 constitutionis

1245 2260 1326 2287 habes
1342 2260 1421 2286 etiam
1444 2260 1542 2286 Concil.
1564 2259 1650 2291 Trid„
1667 2266 1732 2286 sess.
1751 2264 1823 2290 xxti,
1843 2259 1882 2284 De
1899 2256 1998 2291 Refor-

1245 2307 1371 2336 mattone,
1383 2312 1441 2340 cap.
1453 2305 1463 2331 1
1478 2308 1538 2340 post
1548 2307 1708 2336 canones‚et
1717 2310 1782 2331 sess.
1792 2303 1997 2332 xxwoelnvo-

1246 2352 1358 2376 catione.
1379 2350 1475 2377 Contra
1493 2357 1556 2376 vero
1578 2348 1736 2388 simoniacos
1747 2347 1808 2374 vide
1819 2346 1877 2374 Iulii
1889 2346 1913 2374 11
1933 2354 1996 2374 con-

1247 2394 1334 2421 stitut.
1355 2401 1383 2426 v,
1407 2394 1472 2420 Cum
1495 2397 1566 2426 tam,
1590 2396 1654 2419 tom.
1675 2400 1713 2425 v,
1734 2400 1792 2428 pag.
1818 2392 1880 2419 1⁸05.
1900 2391 1998 2418 Contra

1247 2438 1476 2473 blasphematores
1491 2437 1550 2464 vide
1571 2438 1653 2464 Leon.
1666 2437 1692 2463 X
1703 2435 1920 2463 constitutionem
1936 2442 1998 2467 vni,

1248 2484 1392 2515 Summae,
1414 2482 1561 2517 ibid.,pag.
1574 2481 1637 2515 Golg-
1649 2484 1675 2508 et
1687 2480 1744 2508 tutii
1756 2480 1803 2512 111,
1817 2484 1905 2507 const.
1926 2487 1999 2512 xxx,

1249 2528 1281 2554 ln
1298 2528 1397 2559 mutus,
1415 2529 1479 2553 tom.
1501 2534 1541 2558 vr,
1562 2533 1619 2561 pag.
1641 2525 1703 2552 1178.
1733 2524 1830 2551 Contra
1854 2523 2001 2551 sodomitas

1249 2576 1336 2599 autem
1355 2570 1415 2598 vide
1434 2569 1555 2597 eamdem
1575 2569 1674 2596 bullam
1693 2568 1788 2595 Leonis
1807 2567 1842 2594 X.
1862 2567 1894 2594 Et
1909 2570 2001 2595 contra

1250 2615 1452 2643 concubinarios
1476 2614 1583 2641 attende
1602 2613 1698 2640 dictam
1724 2612 1831 2639 constit.
1862 2612 1957 2639 Leonis
1976 2612 2003 2639 X

1250 2664 1276 2688 et
1295 2660 1394 2688 Concil.
1416 2658 1503 2691 Trtd„
1519 2665 1585 2685 sess.
1602 2665 1672 2689 ην,
1691 2657 1729 2683 De
1739 2655 1940 2692 Reform.,cap.
1958 2656 2000 2684 ¹4.

1985 275 2035 302 An.
2051 273 2082 301 C.
2100 271 2169 300 {566

2021 1136 2140 1158 Exordium.

2035 1612 2103 1634 Causa
2125 1612 2186 1632 huius

2003 1643 2169 1665 constitutionis.
