2237 3100
39 289 88 316 An.
105 289 134 316 C.
154 288 220 316 ¹⁸69

68 1336 129 1358 Fides
151 1341 225 1357 enin-

41 1369 129 1396 plorum.

924 288 992 313 PIUS
1011 289 1030 312 V
1048 289 1097 313 PP-

236 341 299 374 diei
320 367 327 380 ‚
358 341 514 384 suspendi
543 342 591 374 vel
622 340 897 374 excommunicari
928 352 993 375 non

236 389 359 433 possint
371 400 430 432 per
443 389 566 423 litteras
587 389 780 433 apostolicas
792 400 857 423 non
874 390 994 423 facien-

237 445 283 472 tes
304 440 434 483 plenam
456 446 487 473 et
507 451 690 484 expressam
712 451 749 473 ae
770 440 809 473 de
829 441 928 473 verbo
954 441 993 473 ad

236 488 372 521 verbum
393 489 433 522 de
468 489 594 522 indulto
624 488 835 528 huiusmodi,
867 499 993 521 necnon

238 538 455 579 monasteriis,
473 538 704 582 hospitalibus,
723 538 847 570 militiis
860 537 995 571 etOrdi-

238 586 334 620 nibus
345 587 533 620 huiusmodi
546 587 760 627 mentionem,
784 592 812 619 et
835 586 995 629 quibusli-

237 635 292 668 bet
313 636 383 668 aliis
396 635 584 679 privilegiis,
600 635 873 679 exemptionibus,
888 634 996 667 indul-

237 684 354 727 gentiis
367 690 395 717 et
408 684 523 718 litteris
535 684 731 729 apostolicis,
746 683 953 727 generalibus
966 689 993 716 et

238 733 446 776 specialibus,
470 733 567 766 etiam
588 739 699 774 motu⁷
723 733 859 766 scientia
880 738 908 765 et
940 743 997 776 po-

238 781 361 815 testatis
382 781 586 825 plenitudine
608 782 783 825 praedietis
812 780 973 814 concessis
987 807 994 819 ‚

238 830 475 874 cuiuscumque
496 831 618 864 tenoris
639 830 773 863 existant
787 857 796 870 ,
820 840 878 873 per
898 840 994 872 quae,

239 879 465 922 praesentibus
486 890 552 913 non
564 891 714 923 expressa
724 880 773 912 vel
786 878 920 912 omnino
932 888 997 911 non

239 928 381 968 inserta,
404 928 540 962 effectus
570 939 682 962 earum
714 927 865 971 impediri
895 927 997 959 valeat

239 977 488 1020 quomodolibet
506 978 556 1010 vel
578 977 702 1010 differri
717 1004 724 1018 ‚
748 983 779 1010 et
808 977 848 1009 de
878 976 997 1020 quibus

239 1036 448 1069 quorumque
468 1026 542 1059 totis
563 1027 732 1060 tenoribus
748 1027 899 1059 habenda
914 1025 953 1059 sit
965 1025 998 1057 in

239 1075 359 1108 nostris
378 1075 493 1109 litteris
515 1076 637 1109 mentio
651 1075 812 1119 specialis,
829 1086 913 1118 quae
931 1085 999 1107 om-

240 1123 293 1156 nia
314 1124 466 1157 nolumus
487 1125 640 1168 cuiquam
662 1130 775 1157 contra
787 1124 953 1167 praedicta
966 1122 998 1155 in

240 1173 350 1216 aliquo
382 1173 552 1218 suffragari
567 1201 574 1215 ,
610 1174 791 1217 ceterisque
826 1171 998 1207 contrariis

241 1223 516 1266 quibuscumque.

285 1272 299 1315 ἓ
320 1272 351 1305 7.
374 1272 530 1305 Volumus
550 1277 658 1305 autem
678 1278 711 1304 ut
734 1271 879 1315 ipsarum
907 1282 999 1314 prae-

240 1321 381 1354 sentium
411 1322 557 1365 exempla
586 1321 726 1355 edantur
745 1349 752 1362 ‚
789 1321 969 1363 eademqne
988 1347 995 1361 ,

242 1375 339 1408 etiam
360 1375 530 1418 impressa,
554 1374 672 1408 notarii
699 1374 822 1418 publici
853 1385 950 1406 manu
969 1380 1000 1407 et

243 1424 378 1468 praelati
400 1424 608 1458 ecelesiastici
630 1424 736 1457 eiusve
758 1424 868 1457 curiae
894 1424 999 1466 sigillo

243 1475 424 1518 obsignata,
448 1475 596 1507 eamdem
609 1474 698 1507 illam
715 1474 839 1517 ubique
851 1475 998 1506 locorum

243 1524 341 1557 fidem
360 1551 368 1564 ‚
391 1523 424 1556 in
444 1523 566 1557 iudicio
587 1529 618 1557 et
638 1529 727 1557 extra
748 1523 842 1563 illud,
866 1523 996 1563 saciant,

243 1583 342 1616 quam
363 1572 451 1616 ipsae
472 1579 659 1616 praesentes
679 1572 834 1612 facerent,
857 1571 882 1605 si
895 1577 1000 1605 essent

244 1622 405 1655 exhibitae
424 1622 474 1655 vel
495 1627 655 1655 ostensae.

287 1670 373 1704 Nulli
394 1681 471 1714 ergo
505 1670 640 1703 omnino
671 1669 843 1703 hominum
873 1674 930 1702 etc.
968 1669 1000 1702 Si

244 1720 317 1763 quis
338 1725 447 1752 autem
468 1723 525 1752 etc.

287 1769 402 1802 Datum
428 1768 549 1801 Romae
577 1768 663 1811 apud
690 1768 721 1801 S.
745 1768 889 1807 Petrum,
916 1777 1000 1799 anno

243 1817 479 1852 Inoarnationis
500 1817 683 1850 dominicae
705 1816 877 1849 millesimo
904 1816 1001 1859 quin-

243 1867 422 1912 gentesimo
442 1867 640 1911 sexagesimo
662 1877 769 1907 nono,
793 1866 898 1909 pridie
930 1866 1001 1898 idus

244 1917 398 1955 octobris,
421 1916 630 1961 pontificatus
652 1915 752 1948 nostri
775 1926 860 1947 anno
882 1924 922 1947 tv.

263 1970 326 2000 Dat.
344 1970 391 2000 die
409 1970 446 2000 14
462 1969 592 1999 octobris
615 1969 701 2007 1500,
719 1969 825 2008 pontis.
847 1978 923 1997 anno
943 1977 979 1998 ιν.

243 2160 445 2203 Reformate'o
462 2160 564 2203 officii
580 2159 766 2193 correctoris
779 2158 1002 2191 Cancelluricw

288 2211 489 2254 Apostolicae
505 2214 533 2243 et
550 2210 736 2243 litterarum
754 2209 893 2241 minoris
911 2210 1002 2242 insli-

290 2261 366 2301 tiae,
386 2260 665 2292 contradictarum
688 2262 952 2301 nuncupatorum
974 2258 997 2290 ¹.

331 2328 393 2356 Pius
414 2327 556 2363 episcopus
579 2333 674 2354 servus
693 2332 834 2353 servorum
859 2325 920 2358 Dei,

392 2377 426 2405 ad
439 2377 604 2412 perpetuam
623 2375 665 2403 rei
683 2375 855 2404 memoriam.

290 2433 426 2467 Romani
447 2433 614 2467 Pontifieis
635 2433 873 2475 ciremnspecta
894 2432 1001 2475 provi-

245 2482 355 2517 dentia
376 2493 624 2526 nonnumquam
645 2487 734 2525 gesta
754 2492 813 2525 per
840 2481 1003 2514 Romanos

284 2548 293 2573 l
313 2546 397 2573 Aliam
415 2546 632 2573 reformationem
645 2545 705 2571 fecit
721 2544 783 2571 Pius
795 2544 840 2575 lV,
856 2547 883 2569 ut
899 2544 923 2570 in
946 2544 1003 2571 eius

246 2591 436 2619 constitutione
452 2597 537 2622 nvn,
561 2591 698 2621 [nivet-si,
717 2597 775 2624 pag.
792 2589 844 2615 900
862 2588 940 2614 liuius
957 2593 1000 2615 to-

248 2636 328 2669 mi;et
342 2636 375 2663 de
388 2636 497 2663 materia
516 2634 686 2662 Cancellariae
705 2632 848 2660 attendein
859 2633 963 2660 Martini
983 2633 1001 2659 V

247 2681 353 2708 constit.
368 2688 406 2713 tv,
424 2682 455 2708 ln
475 2682 647 2714 apostolicae,
665 2682 728 2706 torn.
746 2685 782 2708 tv,
806 2685 864 2713 pag.
886 2677 946 2705 679.

327 2724 401 2755 Butl.
419 2724 494 2755 Rom.
515 2724 570 2754 Vol.
593 2723 650 2753 Vll.
845 2721 882 2751 99

1683 282 1748 316 785

1035 342 1207 375 Pontifices
1227 343 1494 386 praedecessores
1515 349 1639 376 revocat
1663 349 1694 377 et
1724 356 1791 378 mo-

1036 396 1180 435 deratur,
1204 402 1300 439 prout
1320 396 1353 429 in
1373 396 1510 430 Domino
1539 397 1716 431 salubriter
1741 409 1792 431 ex-

1036 449 1149 492 pedire
1170 450 1340 494 conspicit.
1364 450 1445 483 Ilino
1468 456 1515 483 est
1545 451 1632 494 quod
1649 467 1664 491 ‚-
1679 451 1718 483 ad
1740 462 1791 484 re-

1037 502 1265 536 formationem
1286 504 1469 537 litterarum
1485 504 1582 537 officii
1597 505 1792 538 correctoris

1037 555 1172 589 minoris
1193 556 1344 597 iustitiae,
1366 557 1643 591 contradictarum
1668 569 1793 591 nuncu-

1038 615 1207 652 patarum,
1238 610 1391 643 Gamerae
1422 617 1552 644 nostrae
1588 612 1792 655 Apostolioae

1039 663 1261 704 attendentes,
1284 664 1359 697 licet
1381 675 1398 696 a
1425 664 1526 698 felicis
1557 665 1793 698 reeordationis

1038 716 1094 749 Pio
1115 717 1200 760 Papa
1219 717 1268 756 IV,
1282 718 1532 761 praedecessore
1543 725 1666 759 nostro,
1680 730 1794 763 quam-

1039 770 1181 813 plurima
1201 771 1345 804 salubria
1363 777 1483 805 statuta
1509 778 1535 806 et
1556 773 1706 806 ordinata
1726 774 1794 807 fue-

1040 830 1126 864 runt,
1149 829 1270 864 tamen,
1290 825 1367 868 quia
1379 826 1577 869 experientia
1589 832 1793 870 compertum

1040 882 1107 916 est,
1130 884 1265 921 propter
1294 878 1411 911 nimias
1440 879 1655 920 subtilitates,
1688 881 1794 913 adhue

1039 941 1135 974 saepe
1165 943 1201 964 cx
1231 931 1317 965 dieto
1347 932 1453 965 officio
1487 933 1644 976 rescripta
1682 940 1795 967 contra

1040 990 1182 1017 mentem
1204 990 1347 1018 nostram
1369 985 1401 1018 in
1422 996 1516 1029 grave
1537 986 1679 1029 partium
1700 998 1794 1031 prae-

1041 1037 1199 1070 iudicium
1229 1049 1396 1072 emanasse
1415 1066 1423 1079 ‚
1455 1039 1575 1082 quibus
1593 1067 1600 1080 ,
1633 1047 1728 1084 prout
1759 1052 1795 1074 ex

1041 1091 1150 1125 debito
1186 1092 1283 1125 ossieii
1314 1093 1415 1125 nostri
1447 1099 1623 1134 tenemur,
1662 1095 1795 1138 provide

1041 1145 1210 1178 consulere
1241 1146 1383 1179 volentes
1406 1172 1413 1186 ‚
1446 1146 1506 1179 liae
1536 1152 1645 1179 nostra
1675 1148 1795 1181 eonsti-

1042 1198 1165 1231 tutione
1186 1205 1343 1242 perpetua
1364 1200 1534 1233 statuimus
1554 1227 1561 1241 ,
1589 1201 1796 1234 decernimus

1041 1258 1137 1295 atque.
1159 1253 1382 1296 prohibemus.

1086 1307 1100 1349 ξ
1121 1306 1152 1338 l.
1176 1306 1219 1339 Ne
1240 1312 1408 1340 corrector
1428 1313 1456 1340 et
1480 1315 1708 1351 procuratores
1729 1311 1795 1343 col-

1042 1359 1115 1402 legii
1137 1360 1233 1392 oflicii
1256 1359 1437 1393 litterarum
1459 1361 1679 1404 praefatarum
1698 1373 1733 1395 ex
1747 1363 1794 1396 os-

1042 1412 1127 1452 fieio‚
1151 1418 1183 1445 ut
1211 1419 1316 1453 antea,
1349 1414 1593 1447 commissiones
1623 1426 1794 1449 causarum

1042 1466 1101 1499 sub
1122 1477 1329 1510 quacumque
1351 1467 1466 1508 forma,
1489 1468 1736 1512 subrogationes
1766 1477 1796 1503 et

1043 1520 1188 1553 iudicum
1209 1520 1404 1554 mutationes
1416 1522 1609 1562 coiioedant3
1623 1523 1796 1567 minusque

1044 1573 1205 1607 iudicibus
1226 1575 1400 1608 ordinariis
1420 1581 1475 1608 aut
1492 1576 1563 1609 aliis
1574 1576 1729 1620 delegatis
1741 1577 1797 1610 ali-

1043 1638 1124 1671 quos
1145 1627 1207 1660 illis
1227 1628 1405 1672 adiungant
1424 1641 1431 1666 ς
1461 1634 1513 1662 aut
1536 1630 1725 1672 quorumvis
1752 1636 1798 1664 te-

1043 1681 1153 1720 stium,
1168 1681 1264 1714 etiam
1276 1682 1316 1715 ad
1327 1688 1519 1726 perpetuam
1532 1682 1578 1716 rei
1591 1684 1795 1724 memoriam,

1044 1745 1177 1767 examen
1198 1735 1259 1778 ipsi
1285 1735 1454 1779 delegenss
1477 1746 1582 1779 neque
1610 1737 1732 1770 litteras
1757 1738 1798 1770 ad

1044 1788 1195 1821 effoetum
1225 1789 1429 1822 revelationis
1459 1795 1511 1822 aut
1543 1790 1668 1833 aliquid
1708 1791 1799 1824 resti-

1045 1841 1155 1874 tuendi
1192 1848 1245 1875 aut
1275 1843 1460 1885 deponendi
1490 1854 1546 1876 seu
1576 1844 1797 1877 testimonium

1043 1891 1185 1923 veritatis
1206 1892 1401 1934 perhibendi
1423 1899 1537 1925 contra
1557 1894 1701 1926 occultas
1726 1905 1799 1936 per-

1044 1950 1138 1972 sonas
1152 1939 1185 1971 in
1197 1940 1301 1972 forma
1311 1940 1520 1984 Sz'gyniisicarit
1532 1942 1666 1974 concedi
1679 1942 1798 1981 solitas,

1045 1995 1094 2020 aut
1113 1989 1246 2029 litteras,
1270 2000 1349 2032 quas
1364 1990 1443 2022 iuris
1461 1990 1691 2023 (let-{aratorias
1702 2002 1800 2034 super

1045 2037 1220 2080 Religionis
1249 2039 1413 2071 validitate
1448 2046 1499 2071 ant
1528 2039 1694 2081 quibusvis
1729 2040 1800 2072 aliis

1044 2085 1301 2128 qnaesffionilms,
1324 2087 1428 2119 causis
1449 2093 1477 2119 et
1500 2088 1648 2130 negotiis,
1673 2094 1702 2120 et
1720 2099 1800 2131 quas

1045 2135 1299 2168 ronsem‘atorias
1320 2137 1503 2179 appellant,
1528 2137 1721 2180 cxpetliant;
1744 2138 1800 2170 sed

1044 2195 1156 2216 omnes
1178 2185 1217 2217 ad
1239 2195 1297 2217 nos
1310 2190 1337 2217 et
1352 2186 1497 2218 futurum
1520 2187 1700 2218 Romanum
1720 2187 1801 2219 Pon-

1046 2232 1121 2265 titie.
1147 2232 1341 2272 reserantur,
1358 2234 1633 2277 perSignaturam
1656 2242 1800 2268 nostram

1045 2287 1096 2314 ant
1119 2281 1263 2314 eiusdem
1286 2282 1423 2315 Romani
1444 2284 1543 2316 futuri
1566 2285 1730 2317 Pontificis
1749 2296 1800 2318 ex-

1044 2330 1222 2373 pediendas
1244 2336 1274 2364 et
1294 2331 1490 2364 decidendas
1504 2359 1511 2372 ‚
1536 2339 1628 2376 prout
1652 2333 1798 2376 negotio-

1046 2390 1117 2412 rum
1130 2386 1158 2413 et
1171 2391 1384 2424 personarum
1399 2381 1537 2423 qualitas
1549 2392 1585 2414 ac.
1604 2382 1650 2414 rei
1661 2383 1800 2426 gravitas

1045 2434 1075 2461 et
1110 2430 1283 2463 nec-essitas
1310 2430 1530 2473 postulaverit.
1555 2431 1690 2464 Litteras
1724 2443 1799 2465 vero

1045 2478 1312 2512 commissionum
1339 2480 1517 2512 secundum
1546 2481 1801 2524 supplicationes

1045 2527 1245 2569 huiusmodi,
1269 2539 1366 2571 super
1379 2529 1527 2571 negotiis,
1542 2530 1647 2563 causis
1658 2536 1686 2563 et
1700 2541 1799 2574 quae-

1045 2575 1204 2608 stionibus
1226 2576 1377 2620 praefatis·
1388 2577 1573 2620 signandas,
1588 2585 1754 2612 corrector
1771 2586 1798 2612 et

1045 2625 1216 2668 collegium
1238 2625 1425 2658 huiusmodi
1458 2637 1514 2668 per
1544 2626 1629 2660 illins
1658 2627 1800 2660 efficium

1046 2674 1206 2716 expediat.

1810 291 1862 318 An.
1879 292 1908 318 C.
1928 293 1994 319 ¹569

1834 352 1913 373 Causae
1930 354 1992 373 liuius

1807 384 1973 404 reformationis.

1882 1321 1995 1342 Correvtor

1810 1356 1831 1374 et.
1846 1356 1996 1380 procuratores

1810 1385 1931 1405 abstineant
1941 1391 1996 1404 coin-

1810 1416 1999 1436 missionibuscaw

1811 1454 1879 1469 sarum
1896 1451 1937 1468 etc.
