<?xml version="1.0" encoding="UTF-8"?>
<!DOCTYPE html PUBLIC "-//W3C//DTD XHTML 1.0 Transitional//EN"
    "http://www.w3.org/TR/xhtml1/DTD/xhtml1-transitional.dtd">
<html xmlns="http://www.w3.org/1999/xhtml" xml:lang="en" lang="en">
 <head>
  <title>
</title>
<meta http-equiv="Content-Type" content="text/html;charset=utf-8" />
  <meta name='ocr-system' content='tesseract 3.04.00' />
  <meta name='ocr-capabilities' content='ocr_page ocr_carea ocr_par ocr_line ocrx_word'/>
</head>
<body>
  <div class='ocr_page' id='page_1' title='image "./bullarumdiplomat07cath_0701.png"; bbox 0 0 2237 3100; ppageno 0'>
   <div class='ocr_carea' id='block_1_1' title="bbox 85 275 265 304">
    <p class='ocr_par' dir='ltr' id='par_1_1' title="bbox 85 275 265 304">
     <span class='ocr_line' id='line_1_1' title="bbox 85 275 265 304; baseline 0.011 -2"><span class='ocrx_word' id='word_1_1' title='bbox 85 275 136 302; x_wconf 80' lang='lat' dir='ltr'>An.</span> <span class='ocrx_word' id='word_1_2' title='bbox 153 276 182 303; x_wconf 89' lang='lat' dir='ltr'>C.</span> <span class='ocrx_word' id='word_1_3' title='bbox 200 276 265 304; x_wconf 75' lang='lat'>1567</span> 
     </span>
    </p>
   </div>
   <div class='ocr_carea' id='block_1_2' title="bbox 75 977 258 1064">
    <p class='ocr_par' dir='ltr' id='par_1_2' title="bbox 75 977 258 1064">
     <span class='ocr_line' id='line_1_2' title="bbox 123 977 258 999; baseline 0.007 -1"><span class='ocrx_word' id='word_1_4' title='bbox 123 977 258 999; x_wconf 72' lang='lat' dir='ltr'>Confirmatio</span> 
     </span>
     <span class='ocr_line' id='line_1_3' title="bbox 75 1010 258 1037; baseline 0.016 -8"><span class='ocrx_word' id='word_1_5' title='bbox 75 1010 182 1037; x_wconf 77' lang='lat' dir='ltr'>praefatae</span> <span class='ocrx_word' id='word_1_6' title='bbox 204 1017 258 1032; x_wconf 78' lang='lat' dir='ltr'>con—</span> 
     </span>
     <span class='ocr_line' id='line_1_4' title="bbox 76 1043 168 1064; baseline 0.011 -3"><span class='ocrx_word' id='word_1_7' title='bbox 76 1043 168 1064; x_wconf 80' lang='lat' dir='ltr'>cordiae.</span> 
     </span>
    </p>
   </div>
   <div class='ocr_carea' id='block_1_3' title="bbox 69 2382 253 2533">
    <p class='ocr_par' dir='ltr' id='par_1_3' title="bbox 69 2382 253 2533">
     <span class='ocr_line' id='line_1_5' title="bbox 97 2382 252 2411; baseline 0 -7"><span class='ocrx_word' id='word_1_8' title='bbox 97 2382 195 2411; x_wconf 74' lang='lat' dir='ltr'>imposita</span> <span class='ocrx_word' id='word_1_9' title='bbox 208 2389 252 2410; x_wconf 56' lang='lat' dir='ltr'>pst·-</span> 
     </span>
     <span class='ocr_line' id='line_1_6' title="bbox 70 2415 251 2442; baseline -0.011 -6"><span class='ocrx_word' id='word_1_10' title='bbox 70 2421 97 2436; x_wconf 78' lang='lat' dir='ltr'>na</span> <span class='ocrx_word' id='word_1_11' title='bbox 125 2415 207 2442; x_wconf 77' lang='lat' dir='ltr'>peccati</span> <span class='ocrx_word' id='word_1_12' title='bbox 230 2415 251 2434; x_wconf 79' lang='lat' dir='ltr'>iu</span> 
     </span>
     <span class='ocr_line' id='line_1_7' title="bbox 71 2446 253 2466; baseline -0.005 0"><span class='ocrx_word' id='word_1_13' title='bbox 71 2446 184 2466; x_wconf 81' lang='lat' dir='ltr'>enunciato</span> <span class='ocrx_word' id='word_1_14' title='bbox 219 2446 253 2465; x_wconf 78' lang='lat' dir='ltr'>de-</span> 
     </span>
     <span class='ocr_line' id='line_1_8' title="bbox 69 2476 252 2503; baseline -0.005 -7"><span class='ocrx_word' id='word_1_15' title='bbox 69 2479 128 2497; x_wconf 75' lang='lat' dir='ltr'>creto</span> <span class='ocrx_word' id='word_1_16' title='bbox 149 2476 252 2503; x_wconf 85' lang='lat' dir='ltr'>quomodo</span> 
     </span>
     <span class='ocr_line' id='line_1_9' title="bbox 71 2507 214 2533; baseline -0.007 -4"><span class='ocrx_word' id='word_1_17' title='bbox 71 2507 214 2533; x_wconf 68' lang='lat' dir='ltr'>intelligenda.</span> 
     </span>
    </p>
   </div>
   <div class='ocr_carea' id='block_1_4' title="bbox 952 274 1133 298">
    <p class='ocr_par' dir='ltr' id='par_1_4' title="bbox 952 274 1133 298">
     <span class='ocr_line' id='line_1_10' title="bbox 952 274 1133 298; baseline -0.006 0"><span class='ocrx_word' id='word_1_18' title='bbox 952 275 1019 298; x_wconf 85' lang='lat' dir='ltr'>PIUS</span> <span class='ocrx_word' id='word_1_19' title='bbox 1043 275 1061 297; x_wconf 91' lang='lat' dir='ltr'>V</span> <span class='ocrx_word' id='word_1_20' title='bbox 1086 274 1133 298; x_wconf 64' lang='grc' dir='ltr'>ΡΙ).</span> 
     </span>
    </p>
   </div>
   <div class='ocr_carea' id='block_1_5' title="bbox 269 327 1030 1666">
    <p class='ocr_par' dir='ltr' id='par_1_5' title="bbox 273 327 1030 909">
     <span class='ocr_line' id='line_1_11' title="bbox 279 327 1029 361; baseline -0.001 0"><span class='ocrx_word' id='word_1_21' title='bbox 279 328 334 361; x_wconf 94' lang='lat' dir='ltr'>ubi</span> <span class='ocrx_word' id='word_1_22' title='bbox 369 327 464 361; x_wconf 86' lang='lat' dir='ltr'>datur</span> <span class='ocrx_word' id='word_1_23' title='bbox 497 327 611 360; x_wconf 88' lang='lat' dir='ltr'>modus</span> <span class='ocrx_word' id='word_1_24' title='bbox 640 327 837 360; x_wconf 86' lang='lat' dir='ltr'>concedendi</span> <span class='ocrx_word' id='word_1_25' title='bbox 867 327 1029 361; x_wconf 78' lang='lat' dir='ltr'>licentiam</span> 
     </span>
     <span class='ocr_line' id='line_1_12' title="bbox 279 381 1028 425; baseline -0.003 -11"><span class='ocrx_word' id='word_1_26' title='bbox 279 382 317 415; x_wconf 93' lang='lat' dir='ltr'>iis</span> <span class='ocrx_word' id='word_1_27' title='bbox 345 381 400 425; x_wconf 92' lang='lat' dir='ltr'>qui</span> <span class='ocrx_word' id='word_1_28' title='bbox 432 382 560 414; x_wconf 87' lang='lat' dir='ltr'>studere</span> <span class='ocrx_word' id='word_1_29' title='bbox 594 381 721 421; x_wconf 88' lang='lat' dir='ltr'>debent,</span> <span class='ocrx_word' id='word_1_30' title='bbox 744 381 888 424; x_wconf 74' lang='lat' dir='ltr'>quamvis</span> <span class='ocrx_word' id='word_1_31' title='bbox 917 381 960 413; x_wconf 91' lang='lat' dir='ltr'>ibi</span> <span class='ocrx_word' id='word_1_32' title='bbox 980 382 1028 413; x_wconf 87' lang='lat' dir='ltr'>lo-</span> 
     </span>
     <span class='ocr_line' id='line_1_13' title="bbox 277 435 1030 480; baseline -0.003 -11"><span class='ocrx_word' id='word_1_33' title='bbox 277 441 398 480; x_wconf 79' lang='lat' dir='ltr'>quatur</span> <span class='ocrx_word' id='word_1_34' title='bbox 423 436 527 469; x_wconf 84' lang='lat' dir='ltr'>solum</span> <span class='ocrx_word' id='word_1_35' title='bbox 556 436 594 468; x_wconf 94' lang='lat' dir='ltr'>de</span> <span class='ocrx_word' id='word_1_36' title='bbox 627 435 803 471; x_wconf 76' lang='lat' dir='ltr'>ordinario,</span> <span class='ocrx_word' id='word_1_37' title='bbox 832 435 1030 478; x_wconf 80' lang='lat' dir='ltr'>intelligatur</span> 
     </span>
     <span class='ocr_line' id='line_1_14' title="bbox 278 488 1028 533; baseline -0.003 -11"><span class='ocrx_word' id='word_1_38' title='bbox 278 490 373 522; x_wconf 89' lang='lat' dir='ltr'>etiam</span> <span class='ocrx_word' id='word_1_39' title='bbox 394 490 432 522; x_wconf 90' lang='lat' dir='ltr'>de</span> <span class='ocrx_word' id='word_1_40' title='bbox 466 489 607 533; x_wconf 85' lang='lat' dir='ltr'>capitulo</span> <span class='ocrx_word' id='word_1_41' title='bbox 627 489 674 521; x_wconf 83' lang='lat' dir='ltr'>vel</span> <span class='ocrx_word' id='word_1_42' title='bbox 695 489 733 521; x_wconf 88' lang='lat' dir='ltr'>de</span> <span class='ocrx_word' id='word_1_43' title='bbox 753 488 865 531; x_wconf 82' lang='lat' dir='ltr'>quovis</span> <span class='ocrx_word' id='word_1_44' title='bbox 884 488 959 528; x_wconf 90' lang='lat' dir='ltr'>alio,</span> <span class='ocrx_word' id='word_1_45' title='bbox 989 488 1028 520; x_wconf 89' lang='lat' dir='ltr'>ad</span> 
     </span>
     <span class='ocr_line' id='line_1_15' title="bbox 276 542 1028 588; baseline -0.004 -11"><span class='ocrx_word' id='word_1_46' title='bbox 276 554 373 588; x_wconf 86' lang='lat' dir='ltr'>quem</span> <span class='ocrx_word' id='word_1_47' title='bbox 389 544 428 577; x_wconf 86' lang='lat' dir='ltr'>de</span> <span class='ocrx_word' id='word_1_48' title='bbox 448 543 517 577; x_wconf 90' lang='lat' dir='ltr'>iure</span> <span class='ocrx_word' id='word_1_49' title='bbox 528 544 575 577; x_wconf 80' lang='lat' dir='ltr'>vel</span> <span class='ocrx_word' id='word_1_50' title='bbox 587 543 785 587; x_wconf 86' lang='lat' dir='ltr'>praescripta</span> <span class='ocrx_word' id='word_1_51' title='bbox 796 542 1028 576; x_wconf 82' lang='lat' dir='ltr'>consuetudine</span> 
     </span>
     <span class='ocr_line' id='line_1_16' title="bbox 276 596 1027 641; baseline -0.003 -11"><span class='ocrx_word' id='word_1_52' title='bbox 276 599 357 631; x_wconf 80' lang='lat' dir='ltr'>sorte</span> <span class='ocrx_word' id='word_1_53' title='bbox 382 603 503 641; x_wconf 85' lang='lat' dir='ltr'>spectat</span> <span class='ocrx_word' id='word_1_54' title='bbox 527 597 713 631; x_wconf 87' lang='lat' dir='ltr'>huiusmodi</span> <span class='ocrx_word' id='word_1_55' title='bbox 738 596 882 629; x_wconf 77' lang='lat' dir='ltr'>licentias</span> <span class='ocrx_word' id='word_1_56' title='bbox 910 606 1027 629; x_wconf 88' lang='lat' dir='ltr'>conce-</span> 
     </span>
     <span class='ocr_line' id='line_1_17' title="bbox 275 650 1024 692; baseline -0.003 -8"><span class='ocrx_word' id='word_1_57' title='bbox 275 651 363 692; x_wconf 87' lang='lat' dir='ltr'>dere,</span> <span class='ocrx_word' id='word_1_58' title='bbox 398 657 434 684; x_wconf 86' lang='lat' dir='ltr'>ut</span> <span class='ocrx_word' id='word_1_59' title='bbox 467 661 578 684; x_wconf 86' lang='lat' dir='ltr'>omnes</span> <span class='ocrx_word' id='word_1_60' title='bbox 613 661 677 683; x_wconf 89' lang='lat' dir='ltr'>nou</span> <span class='ocrx_word' id='word_1_61' title='bbox 710 650 802 683; x_wconf 85' lang='lat' dir='ltr'>aliter</span> <span class='ocrx_word' id='word_1_62' title='bbox 836 650 1024 689; x_wconf 72' lang='lat' dir='ltr'>concedant,</span> 
     </span>
     <span class='ocr_line' id='line_1_18' title="bbox 273 704 1026 749; baseline -0.003 -11"><span class='ocrx_word' id='word_1_63' title='bbox 273 716 371 749; x_wconf 88' lang='lat' dir='ltr'>quam</span> <span class='ocrx_word' id='word_1_64' title='bbox 399 705 494 738; x_wconf 91' lang='lat' dir='ltr'>modo</span> <span class='ocrx_word' id='word_1_65' title='bbox 515 711 546 738; x_wconf 83' lang='lat' dir='ltr'>et</span> <span class='ocrx_word' id='word_1_66' title='bbox 566 706 667 737; x_wconf 86' lang='lat' dir='ltr'>forma</span> <span class='ocrx_word' id='word_1_67' title='bbox 687 704 750 737; x_wconf 86' lang='lat' dir='ltr'>hoc</span> <span class='ocrx_word' id='word_1_68' title='bbox 775 704 904 737; x_wconf 86' lang='lat' dir='ltr'>decreto</span> <span class='ocrx_word' id='word_1_69' title='bbox 934 714 1026 747; x_wconf 90' lang='lat' dir='ltr'>prae-</span> 
     </span>
     <span class='ocr_line' id='line_1_19' title="bbox 273 757 1027 803; baseline -0.003 -12"><span class='ocrx_word' id='word_1_70' title='bbox 273 759 405 802; x_wconf 86' lang='lat' dir='ltr'>scripta,</span> <span class='ocrx_word' id='word_1_71' title='bbox 428 765 523 802; x_wconf 90' lang='lat' dir='ltr'>prout</span> <span class='ocrx_word' id='word_1_72' title='bbox 545 758 721 803; x_wconf 87' lang='lat' dir='ltr'>praemissa</span> <span class='ocrx_word' id='word_1_73' title='bbox 748 757 856 790; x_wconf 86' lang='lat' dir='ltr'>omnia</span> <span class='ocrx_word' id='word_1_74' title='bbox 886 758 918 790; x_wconf 92' lang='lat' dir='ltr'>in</span> <span class='ocrx_word' id='word_1_75' title='bbox 943 758 1027 790; x_wconf 88' lang='lat' dir='ltr'>dicta</span> 
     </span>
     <span class='ocr_line' id='line_1_20' title="bbox 275 811 1027 846; baseline -0.003 -1"><span class='ocrx_word' id='word_1_76' title='bbox 275 812 447 846; x_wconf 85' lang='lat' dir='ltr'>eoncordia</span> <span class='ocrx_word' id='word_1_77' title='bbox 491 823 547 846; x_wconf 88' lang='lat' dir='ltr'>seu</span> <span class='ocrx_word' id='word_1_78' title='bbox 591 811 864 845; x_wconf 65' lang='lat' dir='ltr'>declarationibus</span> <span class='ocrx_word' id='word_1_79' title='bbox 909 811 1027 844; x_wconf 87' lang='lat' dir='ltr'>dicitur</span> 
     </span>
     <span class='ocr_line' id='line_1_21' title="bbox 274 866 590 909; baseline -0.003 -10"><span class='ocrx_word' id='word_1_80' title='bbox 274 866 401 909; x_wconf 79' lang='lat' dir='ltr'>plenius</span> <span class='ocrx_word' id='word_1_81' title='bbox 421 866 590 900; x_wconf 88' lang='lat' dir='ltr'>contineri.</span> 
     </span>
    </p>

    <p class='ocr_par' dir='ltr' id='par_1_6' title="bbox 269 920 1027 1666">
     <span class='ocr_line' id='line_1_22' title="bbox 317 920 1026 964; baseline 0 -10"><span class='ocrx_word' id='word_1_82' title='bbox 317 920 381 964; x_wconf 57' lang='lat'>§3</span> <span class='ocrx_word' id='word_1_83' title='bbox 409 921 489 954; x_wconf 88' lang='lat' dir='ltr'>Cum</span> <span class='ocrx_word' id='word_1_84' title='bbox 518 926 637 961; x_wconf 86' lang='lat' dir='ltr'>autem,</span> <span class='ocrx_word' id='word_1_85' title='bbox 664 921 743 954; x_wconf 86' lang='lat' dir='ltr'>sicut</span> <span class='ocrx_word' id='word_1_86' title='bbox 775 921 885 954; x_wconf 84' lang='lat' dir='ltr'>eadem</span> <span class='ocrx_word' id='word_1_87' title='bbox 917 921 1026 964; x_wconf 89' lang='lat' dir='ltr'>petitio</span> 
     </span>
     <span class='ocr_line' id='line_1_23' title="bbox 272 974 1025 1019; baseline 0.001 -12"><span class='ocrx_word' id='word_1_88' title='bbox 272 974 499 1018; x_wconf 81' lang='lat' dir='ltr'>subiungebat,</span> <span class='ocrx_word' id='word_1_89' title='bbox 531 976 730 1019; x_wconf 71' lang='lat' dir='ltr'>praesidens,</span> <span class='ocrx_word' id='word_1_90' title='bbox 762 975 906 1018; x_wconf 77' lang='lat' dir='ltr'>episcopi</span> <span class='ocrx_word' id='word_1_91' title='bbox 932 985 1025 1018; x_wconf 87' lang='lat' dir='ltr'>prae-</span> 
     </span>
     <span class='ocr_line' id='line_1_24' title="bbox 271 1027 1027 1072; baseline 0.001 -12"><span class='ocrx_word' id='word_1_92' title='bbox 271 1027 346 1061; x_wconf 88' lang='lat' dir='ltr'>dicti</span> <span class='ocrx_word' id='word_1_93' title='bbox 367 1029 500 1072; x_wconf 82' lang='lat' dir='ltr'>cupiant</span> <span class='ocrx_word' id='word_1_94' title='bbox 519 1029 725 1062; x_wconf 80' lang='lat' dir='ltr'>concordiam</span> <span class='ocrx_word' id='word_1_95' title='bbox 743 1035 773 1062; x_wconf 90' lang='lat' dir='ltr'>et</span> <span class='ocrx_word' id='word_1_96' title='bbox 793 1029 1027 1062; x_wconf 74' lang='lat' dir='ltr'>declarationes</span> 
     </span>
     <span class='ocr_line' id='line_1_25' title="bbox 271 1082 1025 1127; baseline 0.001 -13"><span class='ocrx_word' id='word_1_97' title='bbox 271 1082 470 1123; x_wconf 85' lang='lat' dir='ltr'>huiusmodi,</span> <span class='ocrx_word' id='word_1_98' title='bbox 502 1095 560 1127; x_wconf 87' lang='lat' dir='ltr'>pro</span> <span class='ocrx_word' id='word_1_99' title='bbox 589 1084 720 1116; x_wconf 91' lang='lat' dir='ltr'>illorum</span> <span class='ocrx_word' id='word_1_100' title='bbox 750 1083 1025 1116; x_wconf 82' lang='lat' dir='ltr'>subsistentiatir-</span> 
     </span>
     <span class='ocr_line' id='line_1_26' title="bbox 271 1136 1025 1177; baseline 0.003 -9"><span class='ocrx_word' id='word_1_101' title='bbox 271 1136 377 1177; x_wconf 90' lang='lat' dir='ltr'>miori,</span> <span class='ocrx_word' id='word_1_102' title='bbox 407 1143 516 1171; x_wconf 90' lang='lat' dir='ltr'>nostro</span> <span class='ocrx_word' id='word_1_103' title='bbox 542 1143 570 1171; x_wconf 87' lang='lat' dir='ltr'>et</span> <span class='ocrx_word' id='word_1_104' title='bbox 597 1138 700 1171; x_wconf 86' lang='lat' dir='ltr'>dictae</span> <span class='ocrx_word' id='word_1_105' title='bbox 729 1137 819 1170; x_wconf 82' lang='lat' dir='ltr'>Sedis</span> <span class='ocrx_word' id='word_1_106' title='bbox 846 1136 1025 1170; x_wconf 81' lang='lat' dir='ltr'>munimine</span> 
     </span>
     <span class='ocr_line' id='line_1_27' title="bbox 271 1190 1026 1235; baseline 0.001 -13"><span class='ocrx_word' id='word_1_107' title='bbox 271 1190 431 1231; x_wconf 88' lang='lat' dir='ltr'>roborari,</span> <span class='ocrx_word' id='word_1_108' title='bbox 454 1191 630 1235; x_wconf 87' lang='lat' dir='ltr'>supplicari</span> <span class='ocrx_word' id='word_1_109' title='bbox 647 1191 739 1224; x_wconf 85' lang='lat' dir='ltr'>nobis</span> <span class='ocrx_word' id='word_1_110' title='bbox 755 1192 900 1224; x_wconf 85' lang='lat' dir='ltr'>fecerunt</span> <span class='ocrx_word' id='word_1_111' title='bbox 920 1191 1026 1223; x_wconf 86' lang='lat' dir='ltr'>humi-</span> 
     </span>
     <span class='ocr_line' id='line_1_28' title="bbox 271 1244 1022 1287; baseline 0 -11"><span class='ocrx_word' id='word_1_112' title='bbox 271 1244 344 1277; x_wconf 93' lang='lat' dir='ltr'>liter</span> <span class='ocrx_word' id='word_1_113' title='bbox 376 1251 536 1287; x_wconf 82' lang='lat' dir='ltr'>quatenus</span> <span class='ocrx_word' id='word_1_114' title='bbox 561 1245 795 1278; x_wconf 72' lang='lat' dir='ltr'>declarationes</span> <span class='ocrx_word' id='word_1_115' title='bbox 823 1245 1022 1283; x_wconf 82' lang='lat' dir='ltr'>huiusmodi,</span> 
     </span>
     <span class='ocr_line' id='line_1_29' title="bbox 271 1297 1026 1340; baseline 0.003 -11"><span class='ocrx_word' id='word_1_116' title='bbox 271 1297 446 1340; x_wconf 87' lang='lat' dir='ltr'>apostolica</span> <span class='ocrx_word' id='word_1_117' title='bbox 466 1298 656 1332; x_wconf 88' lang='lat' dir='ltr'>auctoritate</span> <span class='ocrx_word' id='word_1_118' title='bbox 686 1299 880 1332; x_wconf 85' lang='lat' dir='ltr'>confirmare</span> <span class='ocrx_word' id='word_1_119' title='bbox 897 1305 925 1331; x_wconf 92' lang='lat' dir='ltr'>et</span> <span class='ocrx_word' id='word_1_120' title='bbox 946 1309 1026 1331; x_wconf 89' lang='lat' dir='ltr'>non-</span> 
     </span>
     <span class='ocr_line' id='line_1_30' title="bbox 270 1351 1025 1397; baseline 0.004 -14"><span class='ocrx_word' id='word_1_121' title='bbox 270 1351 359 1384; x_wconf 88' lang='lat' dir='ltr'>nulla</span> <span class='ocrx_word' id='word_1_122' title='bbox 379 1352 441 1385; x_wconf 88' lang='lat' dir='ltr'>alia</span> <span class='ocrx_word' id='word_1_123' title='bbox 469 1352 645 1393; x_wconf 83' lang='lat' dir='ltr'>declarare,</span> <span class='ocrx_word' id='word_1_124' title='bbox 663 1353 805 1397; x_wconf 88' lang='lat' dir='ltr'>aliasque</span> <span class='ocrx_word' id='word_1_125' title='bbox 824 1353 868 1386; x_wconf 85' lang='lat' dir='ltr'>eis</span> <span class='ocrx_word' id='word_1_126' title='bbox 884 1353 914 1385; x_wconf 91' lang='lat' dir='ltr'>in</span> <span class='ocrx_word' id='word_1_127' title='bbox 935 1364 1025 1396; x_wconf 72' lang='lat' dir='ltr'>piae—</span> 
     </span>
     <span class='ocr_line' id='line_1_31' title="bbox 272 1405 1024 1450; baseline 0.004 -13"><span class='ocrx_word' id='word_1_128' title='bbox 272 1405 374 1438; x_wconf 81' lang='lat' dir='ltr'>missis</span> <span class='ocrx_word' id='word_1_129' title='bbox 390 1412 573 1450; x_wconf 83' lang='lat' dir='ltr'>opportune</span> <span class='ocrx_word' id='word_1_130' title='bbox 595 1406 763 1450; x_wconf 89' lang='lat' dir='ltr'>providere</span> <span class='ocrx_word' id='word_1_131' title='bbox 779 1407 817 1440; x_wconf 89' lang='lat' dir='ltr'>de</span> <span class='ocrx_word' id='word_1_132' title='bbox 829 1407 1024 1449; x_wconf 72' lang='lat' dir='ltr'>benignitate</span> 
     </span>
     <span class='ocr_line' id='line_1_32' title="bbox 269 1459 1026 1504; baseline 0.004 -13"><span class='ocrx_word' id='word_1_133' title='bbox 269 1459 445 1502; x_wconf 88' lang='lat' dir='ltr'>apostolica</span> <span class='ocrx_word' id='word_1_134' title='bbox 470 1461 690 1504; x_wconf 76' lang='lat' dir='ltr'>dignaremur.</span> <span class='ocrx_word' id='word_1_135' title='bbox 717 1461 780 1494; x_wconf 89' lang='lat' dir='ltr'>Nos</span> <span class='ocrx_word' id='word_1_136' title='bbox 814 1461 910 1503; x_wconf 69' lang='lat' dir='ltr'>igitur</span> <span class='ocrx_word' id='word_1_137' title='bbox 943 1461 1026 1494; x_wconf 86' lang='lat' dir='ltr'>inter</span> 
     </span>
     <span class='ocr_line' id='line_1_33' title="bbox 270 1513 1023 1558; baseline 0.003 -13"><span class='ocrx_word' id='word_1_138' title='bbox 270 1513 380 1547; x_wconf 76' lang='lat' dir='ltr'>fideles</span> <span class='ocrx_word' id='word_1_139' title='bbox 394 1514 564 1558; x_wconf 70' lang='lat' dir='ltr'>quoslibet,</span> <span class='ocrx_word' id='word_1_140' title='bbox 589 1515 777 1558; x_wconf 87' lang='lat' dir='ltr'>praesertim</span> <span class='ocrx_word' id='word_1_141' title='bbox 798 1526 951 1558; x_wconf 81' lang='lat' dir='ltr'>personas</span> <span class='ocrx_word' id='word_1_142' title='bbox 971 1526 1023 1548; x_wconf 82' lang='lat' dir='ltr'>cc-</span> 
     </span>
     <span class='ocr_line' id='line_1_34' title="bbox 269 1567 1024 1612; baseline 0.003 -13"><span class='ocrx_word' id='word_1_143' title='bbox 269 1567 472 1609; x_wconf 83' lang='lat' dir='ltr'>clesiasticas,</span> <span class='ocrx_word' id='word_1_144' title='bbox 495 1580 605 1612; x_wconf 85' lang='lat' dir='ltr'>pacem</span> <span class='ocrx_word' id='word_1_145' title='bbox 628 1576 656 1602; x_wconf 86' lang='lat' dir='ltr'>et</span> <span class='ocrx_word' id='word_1_146' title='bbox 682 1569 889 1602; x_wconf 86' lang='lat' dir='ltr'>concordiam</span> <span class='ocrx_word' id='word_1_147' title='bbox 920 1569 1024 1612; x_wconf 68' lang='lat' dir='ltr'>vigere</span> 
     </span>
     <span class='ocr_line' id='line_1_35' title="bbox 269 1620 1025 1666; baseline 0.001 -13"><span class='ocrx_word' id='word_1_148' title='bbox 269 1620 404 1654; x_wconf 75' lang='lat' dir='ltr'>sinceris</span> <span class='ocrx_word' id='word_1_149' title='bbox 432 1623 600 1656; x_wconf 78' lang='lat' dir='ltr'>affectibus</span> <span class='ocrx_word' id='word_1_150' title='bbox 629 1628 826 1666; x_wconf 49' lang='lat' dir='ltr'>exoptante&amp;</span> <span class='ocrx_word' id='word_1_151' title='bbox 856 1622 1025 1666; x_wconf 81' lang='lat' dir='ltr'>episcopos</span> 
     </span>
    </p>
   </div>
   <div class='ocr_carea' id='block_1_6' title="bbox 222 1675 1024 1720">
    <p class='ocr_par' dir='ltr' id='par_1_7' title="bbox 222 1675 1024 1720">
     <span class='ocr_line' id='line_1_36' title="bbox 222 1675 1024 1720; baseline 0.001 -14"><span class='ocrx_word' id='word_1_152' title='bbox 222 1688 224 1693; x_wconf 95' lang='lat'>·</span> <span class='ocrx_word' id='word_1_153' title='bbox 269 1679 299 1707; x_wconf 90' lang='lat' dir='ltr'>et</span> <span class='ocrx_word' id='word_1_154' title='bbox 320 1675 460 1719; x_wconf 82' lang='lat' dir='ltr'>capitula</span> <span class='ocrx_word' id='word_1_155' title='bbox 477 1676 662 1709; x_wconf 85' lang='lat' dir='ltr'>huiusmodi</span> <span class='ocrx_word' id='word_1_156' title='bbox 692 1687 729 1709; x_wconf 89' lang='lat' dir='ltr'>ac</span> <span class='ocrx_word' id='word_1_157' title='bbox 750 1687 863 1709; x_wconf 85' lang='lat' dir='ltr'>eorum</span> <span class='ocrx_word' id='word_1_158' title='bbox 881 1677 1024 1720; x_wconf 62' lang='lat' dir='ltr'>singulosv</span> 
     </span>
    </p>
   </div>
   <div class='ocr_carea' id='block_1_7' title="bbox 267 1728 1024 2722">
    <p class='ocr_par' dir='ltr' id='par_1_8' title="bbox 267 1728 1024 2722">
     <span class='ocr_line' id='line_1_37' title="bbox 268 1728 1023 1773; baseline 0.003 -12"><span class='ocrx_word' id='word_1_159' title='bbox 268 1738 285 1760; x_wconf 85' lang='lat' dir='ltr'>a</span> <span class='ocrx_word' id='word_1_160' title='bbox 297 1728 460 1772; x_wconf 81' lang='lat' dir='ltr'>quibusvis</span> <span class='ocrx_word' id='word_1_161' title='bbox 470 1731 825 1770; x_wconf 77' lang='lat' dir='ltr'>excommunicationis,</span> <span class='ocrx_word' id='word_1_162' title='bbox 839 1730 1023 1773; x_wconf 84' lang='lat' dir='ltr'>suspensio-</span> 
     </span>
     <span class='ocr_line' id='line_1_38' title="bbox 269 1782 1024 1828; baseline 0.001 -14"><span class='ocrx_word' id='word_1_163' title='bbox 269 1782 317 1814; x_wconf 89' lang='lat' dir='ltr'>uis</span> <span class='ocrx_word' id='word_1_164' title='bbox 350 1789 380 1816; x_wconf 86' lang='lat' dir='ltr'>et</span> <span class='ocrx_word' id='word_1_165' title='bbox 414 1783 595 1825; x_wconf 82' lang='lat' dir='ltr'>interdicti,</span> <span class='ocrx_word' id='word_1_166' title='bbox 631 1785 766 1828; x_wconf 81' lang='lat' dir='ltr'>aliisque</span> <span class='ocrx_word' id='word_1_167' title='bbox 800 1784 1024 1818; x_wconf 73' lang='lat' dir='ltr'>ecclesiasticis</span> 
     </span>
     <span class='ocr_line' id='line_1_39' title="bbox 268 1837 1023 1882; baseline 0.003 -13"><span class='ocrx_word' id='word_1_168' title='bbox 268 1837 445 1878; x_wconf 87' lang='lat' dir='ltr'>sententiis,</span> <span class='ocrx_word' id='word_1_169' title='bbox 477 1838 622 1871; x_wconf 89' lang='lat' dir='ltr'>censuris</span> <span class='ocrx_word' id='word_1_170' title='bbox 642 1844 669 1872; x_wconf 89' lang='lat' dir='ltr'>et</span> <span class='ocrx_word' id='word_1_171' title='bbox 693 1839 817 1882; x_wconf 86' lang='lat' dir='ltr'>poenis,</span> <span class='ocrx_word' id='word_1_172' title='bbox 841 1850 857 1871; x_wconf 89' lang='lat' dir='ltr'>a</span> <span class='ocrx_word' id='word_1_173' title='bbox 886 1839 955 1871; x_wconf 90' lang='lat' dir='ltr'>iure</span> <span class='ocrx_word' id='word_1_174' title='bbox 976 1839 1023 1871; x_wconf 76' lang='lat' dir='ltr'>vel</span> 
     </span>
     <span class='ocr_line' id='line_1_40' title="bbox 267 1889 1020 1936; baseline 0.004 -14"><span class='ocrx_word' id='word_1_175' title='bbox 267 1889 307 1923; x_wconf 85' lang='lat' dir='ltr'>ab</span> <span class='ocrx_word' id='word_1_176' title='bbox 336 1891 479 1931; x_wconf 85' lang='lat' dir='ltr'>homine,</span> <span class='ocrx_word' id='word_1_177' title='bbox 510 1893 621 1936; x_wconf 69' lang='lat' dir='ltr'>quavis</span> <span class='ocrx_word' id='word_1_178' title='bbox 639 1893 808 1926; x_wconf 85' lang='lat' dir='ltr'>occasione</span> <span class='ocrx_word' id='word_1_179' title='bbox 835 1893 883 1925; x_wconf 78' lang='lat' dir='ltr'>vel</span> <span class='ocrx_word' id='word_1_180' title='bbox 913 1904 1020 1932; x_wconf 82' lang='lat' dir='ltr'>causa,</span> 
     </span>
     <span class='ocr_line' id='line_1_41' title="bbox 269 1943 1022 1990; baseline 0.003 -14"><span class='ocrx_word' id='word_1_181' title='bbox 269 1943 354 1984; x_wconf 88' lang='lat' dir='ltr'>latis,</span> <span class='ocrx_word' id='word_1_182' title='bbox 390 1945 413 1977; x_wconf 82' lang='lat' dir='ltr'>si</span> <span class='ocrx_word' id='word_1_183' title='bbox 448 1945 567 1989; x_wconf 89' lang='lat' dir='ltr'>quibus</span> <span class='ocrx_word' id='word_1_184' title='bbox 600 1946 844 1990; x_wconf 86' lang='lat' dir='ltr'>quomodolibet</span> <span class='ocrx_word' id='word_1_185' title='bbox 878 1946 1022 1979; x_wconf 87' lang='lat' dir='ltr'>innodati</span> 
     </span>
     <span class='ocr_line' id='line_1_42' title="bbox 268 1997 1021 2043; baseline 0.003 -13"><span class='ocrx_word' id='word_1_186' title='bbox 268 1997 418 2036; x_wconf 77' lang='lat' dir='ltr'>existunt,</span> <span class='ocrx_word' id='word_1_187' title='bbox 445 2000 485 2031; x_wconf 88' lang='lat' dir='ltr'>ad</span> <span class='ocrx_word' id='word_1_188' title='bbox 509 2000 660 2033; x_wconf 82' lang='lat' dir='ltr'>effectum</span> <span class='ocrx_word' id='word_1_189' title='bbox 682 2000 900 2043; x_wconf 87' lang='lat' dir='ltr'>praesentium</span> <span class='ocrx_word' id='word_1_190' title='bbox 927 1999 1021 2032; x_wconf 85' lang='lat' dir='ltr'>dum-</span> 
     </span>
     <span class='ocr_line' id='line_1_43' title="bbox 268 2054 1021 2096; baseline 0.001 -12"><span class='ocrx_word' id='word_1_191' title='bbox 268 2057 351 2084; x_wconf 83' lang='lat' dir='ltr'>taxat</span> <span class='ocrx_word' id='word_1_192' title='bbox 375 2054 653 2096; x_wconf 80' lang='lat' dir='ltr'>consequendum,</span> <span class='ocrx_word' id='word_1_193' title='bbox 676 2055 791 2087; x_wconf 85' lang='lat' dir='ltr'>harum</span> <span class='ocrx_word' id='word_1_194' title='bbox 813 2054 895 2087; x_wconf 88' lang='lat' dir='ltr'>serie</span> <span class='ocrx_word' id='word_1_195' title='bbox 915 2054 1021 2087; x_wconf 87' lang='lat' dir='ltr'>absol-</span> 
     </span>
     <span class='ocr_line' id='line_1_44' title="bbox 267 2106 1022 2145; baseline 0.001 -7"><span class='ocrx_word' id='word_1_196' title='bbox 267 2112 375 2138; x_wconf 81' lang='lat' dir='ltr'>ventes</span> <span class='ocrx_word' id='word_1_197' title='bbox 390 2111 419 2138; x_wconf 89' lang='lat' dir='ltr'>et</span> <span class='ocrx_word' id='word_1_198' title='bbox 439 2106 604 2140; x_wconf 86' lang='lat' dir='ltr'>absolutos</span> <span class='ocrx_word' id='word_1_199' title='bbox 623 2109 691 2140; x_wconf 80' lang='lat' dir='ltr'>lore</span> <span class='ocrx_word' id='word_1_200' title='bbox 709 2113 887 2145; x_wconf 66' lang='lat' dir='ltr'>censentes,</span> <span class='ocrx_word' id='word_1_201' title='bbox 912 2107 1022 2140; x_wconf 84' lang='lat' dir='ltr'>liuius-</span> 
     </span>
     <span class='ocr_line' id='line_1_45' title="bbox 268 2159 1020 2204; baseline 0.004 -13"><span class='ocrx_word' id='word_1_202' title='bbox 268 2159 354 2191; x_wconf 89' lang='lat' dir='ltr'>modi</span> <span class='ocrx_word' id='word_1_203' title='bbox 382 2160 673 2204; x_wconf 81' lang='lat' dir='ltr'>supplicationibus</span> <span class='ocrx_word' id='word_1_204' title='bbox 699 2161 854 2196; x_wconf 78' lang='lat' dir='ltr'>inclinati,</span> <span class='ocrx_word' id='word_1_205' title='bbox 885 2172 1020 2194; x_wconf 86' lang='lat' dir='ltr'>concor-</span> 
     </span>
     <span class='ocr_line' id='line_1_46' title="bbox 267 2212 1020 2257; baseline 0.003 -12"><span class='ocrx_word' id='word_1_206' title='bbox 267 2212 352 2245; x_wconf 86' lang='lat' dir='ltr'>diam</span> <span class='ocrx_word' id='word_1_207' title='bbox 374 2219 403 2246; x_wconf 83' lang='lat' dir='ltr'>et</span> <span class='ocrx_word' id='word_1_208' title='bbox 423 2213 657 2248; x_wconf 85' lang='lat' dir='ltr'>declarationes</span> <span class='ocrx_word' id='word_1_209' title='bbox 677 2215 870 2257; x_wconf 83' lang='lat' dir='ltr'>praedictas,</span> <span class='ocrx_word' id='word_1_210' title='bbox 892 2226 1020 2248; x_wconf 83' lang='lat' dir='ltr'>necnon</span> 
     </span>
     <span class='ocr_line' id='line_1_47' title="bbox 268 2267 1020 2312; baseline 0.004 -13"><span class='ocrx_word' id='word_1_211' title='bbox 268 2267 376 2300; x_wconf 84' lang='lat' dir='ltr'>omnia</span> <span class='ocrx_word' id='word_1_212' title='bbox 413 2273 443 2300; x_wconf 90' lang='lat' dir='ltr'>et</span> <span class='ocrx_word' id='word_1_213' title='bbox 463 2268 588 2311; x_wconf 79' lang='lat' dir='ltr'>singula</span> <span class='ocrx_word' id='word_1_214' title='bbox 610 2269 640 2301; x_wconf 93' lang='lat' dir='ltr'>in</span> <span class='ocrx_word' id='word_1_215' title='bbox 669 2269 713 2302; x_wconf 80' lang='lat' dir='ltr'>eis</span> <span class='ocrx_word' id='word_1_216' title='bbox 743 2274 892 2302; x_wconf 81' lang='lat' dir='ltr'>contenta</span> <span class='ocrx_word' id='word_1_217' title='bbox 921 2280 1020 2312; x_wconf 78' lang='lat' dir='ltr'>quae-</span> 
     </span>
     <span class='ocr_line' id='line_1_48' title="bbox 267 2322 1019 2366; baseline 0.003 -13"><span class='ocrx_word' id='word_1_218' title='bbox 267 2332 419 2366; x_wconf 82' lang='lat' dir='ltr'>cumque,</span> <span class='ocrx_word' id='word_1_219' title='bbox 455 2322 629 2366; x_wconf 84' lang='lat' dir='ltr'>apostolica</span> <span class='ocrx_word' id='word_1_220' title='bbox 649 2323 837 2356; x_wconf 84' lang='lat' dir='ltr'>auctoritate</span> <span class='ocrx_word' id='word_1_221' title='bbox 859 2323 1019 2366; x_wconf 85' lang='lat' dir='ltr'>praedicta</span> 
     </span>
     <span class='ocr_line' id='line_1_49' title="bbox 268 2376 1021 2420; baseline 0.001 -12"><span class='ocrx_word' id='word_1_222' title='bbox 268 2386 326 2419; x_wconf 88' lang='lat' dir='ltr'>per</span> <span class='ocrx_word' id='word_1_223' title='bbox 344 2382 529 2420; x_wconf 84' lang='lat' dir='ltr'>praesentes</span> <span class='ocrx_word' id='word_1_224' title='bbox 548 2376 797 2409; x_wconf 70' lang='lat' dir='ltr'>confirmamus:</span> <span class='ocrx_word' id='word_1_225' title='bbox 821 2377 1021 2409; x_wconf 66' lang='lat' dir='ltr'>declarantes</span> 
     </span>
     <span class='ocr_line' id='line_1_50' title="bbox 268 2430 1019 2474; baseline 0.001 -12"><span class='ocrx_word' id='word_1_226' title='bbox 268 2434 375 2463; x_wconf 87' lang='lat' dir='ltr'>tamen</span> <span class='ocrx_word' id='word_1_227' title='bbox 397 2436 429 2463; x_wconf 94' lang='lat' dir='ltr'>ut</span> <span class='ocrx_word' id='word_1_228' title='bbox 448 2442 506 2474; x_wconf 85' lang='lat' dir='ltr'>per</span> <span class='ocrx_word' id='word_1_229' title='bbox 528 2430 580 2463; x_wconf 92' lang='lat' dir='ltr'>illa</span> <span class='ocrx_word' id='word_1_230' title='bbox 597 2431 738 2473; x_wconf 74' lang='lat' dir='ltr'>decreta,</span> <span class='ocrx_word' id='word_1_231' title='bbox 767 2431 932 2474; x_wconf 85' lang='lat' dir='ltr'>inquibus</span> <span class='ocrx_word' id='word_1_232' title='bbox 959 2430 1019 2463; x_wconf 82' lang='lat' dir='ltr'>im-</span> 
     </span>
     <span class='ocr_line' id='line_1_51' title="bbox 269 2480 1018 2524; baseline 0 -12"><span class='ocrx_word' id='word_1_233' title='bbox 269 2480 401 2523; x_wconf 85' lang='lat' dir='ltr'>ponitur</span> <span class='ocrx_word' id='word_1_234' title='bbox 422 2491 525 2523; x_wconf 85' lang='lat' dir='ltr'>poena</span> <span class='ocrx_word' id='word_1_235' title='bbox 550 2481 608 2512; x_wconf 83' lang='lat' dir='ltr'>sub</span> <span class='ocrx_word' id='word_1_236' title='bbox 636 2481 755 2513; x_wconf 88' lang='lat' dir='ltr'>iudicio</span> <span class='ocrx_word' id='word_1_237' title='bbox 785 2480 920 2524; x_wconf 78' lang='lat' dir='ltr'>peccati,</span> <span class='ocrx_word' id='word_1_238' title='bbox 955 2491 1018 2513; x_wconf 93' lang='lat' dir='ltr'>uon</span> 
     </span>
     <span class='ocr_line' id='line_1_52' title="bbox 268 2529 1017 2573; baseline 0 -11"><span class='ocrx_word' id='word_1_239' title='bbox 268 2535 437 2562; x_wconf 86' lang='lat' dir='ltr'>censeatur</span> <span class='ocrx_word' id='word_1_240' title='bbox 457 2529 587 2562; x_wconf 89' lang='lat' dir='ltr'>inducta</span> <span class='ocrx_word' id='word_1_241' title='bbox 604 2541 683 2562; x_wconf 80' lang='lat' dir='ltr'>nova</span> <span class='ocrx_word' id='word_1_242' title='bbox 704 2530 856 2573; x_wconf 81' lang='lat' dir='ltr'>obligatio</span> <span class='ocrx_word' id='word_1_243' title='bbox 883 2530 1017 2573; x_wconf 81' lang='lat' dir='ltr'>pcccati,</span> 
     </span>
     <span class='ocr_line' id='line_1_53' title="bbox 267 2580 1019 2622; baseline 0.003 -11"><span class='ocrx_word' id='word_1_244' title='bbox 267 2589 371 2622; x_wconf 84' lang='lat' dir='ltr'>poena</span> <span class='ocrx_word' id='word_1_245' title='bbox 383 2586 489 2612; x_wconf 86' lang='lat' dir='ltr'>tamen</span> <span class='ocrx_word' id='word_1_246' title='bbox 502 2580 712 2613; x_wconf 86' lang='lat' dir='ltr'>restitutionis</span> <span class='ocrx_word' id='word_1_247' title='bbox 722 2580 835 2612; x_wconf 70' lang='lat' dir='ltr'>in&#39;foro</span> <span class='ocrx_word' id='word_1_248' title='bbox 852 2580 1019 2613; x_wconf 65' lang='lat' dir='ltr'>conscien-</span> 
     </span>
     <span class='ocr_line' id='line_1_54' title="bbox 269 2628 1018 2669; baseline 0.001 -9"><span class='ocrx_word' id='word_1_249' title='bbox 269 2628 329 2661; x_wconf 85' lang='lat' dir='ltr'>tiae</span> <span class='ocrx_word' id='word_1_250' title='bbox 350 2629 442 2662; x_wconf 82' lang='lat' dir='ltr'>lirma</span> <span class='ocrx_word' id='word_1_251' title='bbox 463 2634 602 2669; x_wconf 86' lang='lat' dir='ltr'>mancat,</span> <span class='ocrx_word' id='word_1_252' title='bbox 625 2640 661 2661; x_wconf 86' lang='lat' dir='ltr'>eo</span> <span class='ocrx_word' id='word_1_253' title='bbox 679 2635 784 2662; x_wconf 85' lang='lat' dir='ltr'>tamen</span> <span class='ocrx_word' id='word_1_254' title='bbox 807 2629 902 2661; x_wconf 80' lang='lat' dir='ltr'>inodo</span> <span class='ocrx_word' id='word_1_255' title='bbox 933 2635 963 2662; x_wconf 72' lang='lat' dir='ltr'>ct</span> <span class='ocrx_word' id='word_1_256' title='bbox 988 2629 1018 2661; x_wconf 93' lang='lat' dir='ltr'>in</span> 
     </span>
     <span class='ocr_line' id='line_1_55' title="bbox 269 2677 1017 2722; baseline 0.001 -12"><span class='ocrx_word' id='word_1_257' title='bbox 269 2677 306 2711; x_wconf 86' lang='lat' dir='ltr'>iis</span> <span class='ocrx_word' id='word_1_258' title='bbox 326 2678 358 2711; x_wconf 90' lang='lat' dir='ltr'>in</span> <span class='ocrx_word' id='word_1_259' title='bbox 377 2679 496 2722; x_wconf 84' lang='lat' dir='ltr'>quibus</span> <span class='ocrx_word' id='word_1_260' title='bbox 529 2684 601 2712; x_wconf 83' lang='lat' dir='ltr'>ante</span> <span class='ocrx_word' id='word_1_261' title='bbox 632 2680 811 2722; x_wconf 80' lang='lat' dir='ltr'>praefatum</span> <span class='ocrx_word' id='word_1_262' title='bbox 841 2678 1017 2712; x_wconf 82' lang='lat' dir='ltr'>concilium</span> 
     </span>
    </p>
   </div>
   <div class='ocr_carea' id='block_1_8' title="bbox 1061 261 1823 2719">
    <p class='ocr_par' dir='ltr' id='par_1_9' title="bbox 1071 261 1823 478">
     <span class='ocr_line' id='line_1_56' title="bbox 1714 261 1778 295; baseline 0 0"><span class='ocrx_word' id='word_1_263' title='bbox 1714 261 1778 295; x_wconf 80' lang='lat'>645</span> 
     </span>
     <span class='ocr_line' id='line_1_57' title="bbox 1072 324 1821 371; baseline -0.001 -12"><span class='ocrx_word' id='word_1_264' title='bbox 1072 327 1175 360; x_wconf 88' lang='lat' dir='ltr'>dictae</span> <span class='ocrx_word' id='word_1_265' title='bbox 1196 336 1319 371; x_wconf 85' lang='lat' dir='ltr'>poenae</span> <span class='ocrx_word' id='word_1_266' title='bbox 1339 326 1430 359; x_wconf 87' lang='lat' dir='ltr'>loeus</span> <span class='ocrx_word' id='word_1_267' title='bbox 1450 330 1528 357; x_wconf 88' lang='lat' dir='ltr'>erat.</span> <span class='ocrx_word' id='word_1_268' title='bbox 1550 324 1686 364; x_wconf 88' lang='lat' dir='ltr'>Rursus,</span> <span class='ocrx_word' id='word_1_269' title='bbox 1705 325 1738 357; x_wconf 91' lang='lat' dir='ltr'>in</span> <span class='ocrx_word' id='word_1_270' title='bbox 1767 325 1821 358; x_wconf 85' lang='lat' dir='ltr'>de—</span> 
     </span>
     <span class='ocr_line' id='line_1_58' title="bbox 1072 378 1823 423; baseline -0.001 -10"><span class='ocrx_word' id='word_1_271' title='bbox 1072 386 1158 414; x_wconf 85' lang='lat' dir='ltr'>creto</span> <span class='ocrx_word' id='word_1_272' title='bbox 1179 386 1265 414; x_wconf 77' lang='lat' dir='ltr'>sexto</span> <span class='ocrx_word' id='word_1_273' title='bbox 1285 379 1420 413; x_wconf 89' lang='lat' dir='ltr'>actionis</span> <span class='ocrx_word' id='word_1_274' title='bbox 1435 379 1558 418; x_wconf 89' lang='lat' dir='ltr'>tertiae,</span> <span class='ocrx_word' id='word_1_275' title='bbox 1574 388 1678 422; x_wconf 84' lang='lat' dir='ltr'>poena</span> <span class='ocrx_word' id='word_1_276' title='bbox 1694 378 1748 412; x_wconf 89' lang='lat' dir='ltr'>illa</span> <span class='ocrx_word' id='word_1_277' title='bbox 1764 390 1823 423; x_wconf 92' lang='lat' dir='ltr'>pu-</span> 
     </span>
     <span class='ocr_line' id='line_1_59' title="bbox 1071 433 1598 478; baseline -0.004 -11"><span class='ocrx_word' id='word_1_278' title='bbox 1071 434 1172 467; x_wconf 89' lang='lat' dir='ltr'>blicae</span> <span class='ocrx_word' id='word_1_279' title='bbox 1193 434 1424 478; x_wconf 77' lang='lat' dir='ltr'>obiurgationis</span> <span class='ocrx_word' id='word_1_280' title='bbox 1443 433 1598 466; x_wconf 89' lang='lat' dir='ltr'>deleatur.</span> 
     </span>
    </p>

    <p class='ocr_par' dir='ltr' id='par_1_10' title="bbox 1068 486 1823 1286">
     <span class='ocr_line' id='line_1_60' title="bbox 1114 486 1823 532; baseline -0.001 -11"><span class='ocrx_word' id='word_1_281' title='bbox 1114 490 1129 529; x_wconf 58' lang='grc' dir='ltr'>,ξ’</span> <span class='ocrx_word' id='word_1_282' title='bbox 1148 488 1179 521; x_wconf 67' lang='lat' dir='ltr'>lt.</span> <span class='ocrx_word' id='word_1_283' title='bbox 1203 489 1318 532; x_wconf 80' lang='lat' dir='ltr'>Sicque</span> <span class='ocrx_word' id='word_1_284' title='bbox 1340 487 1432 521; x_wconf 91' lang='lat' dir='ltr'>dictis</span> <span class='ocrx_word' id='word_1_285' title='bbox 1452 486 1643 520; x_wconf 85' lang='lat' dir='ltr'>concordiae</span> <span class='ocrx_word' id='word_1_286' title='bbox 1673 492 1700 519; x_wconf 86' lang='lat' dir='ltr'>et</span> <span class='ocrx_word' id='word_1_287' title='bbox 1719 487 1823 520; x_wconf 88' lang='lat' dir='ltr'>decla-</span> 
     </span>
     <span class='ocr_line' id='line_1_61' title="bbox 1071 540 1822 585; baseline -0.001 -11"><span class='ocrx_word' id='word_1_288' title='bbox 1071 542 1250 575; x_wconf 87' lang='lat' dir='ltr'>rationibus</span> <span class='ocrx_word' id='word_1_289' title='bbox 1271 548 1398 575; x_wconf 88' lang='lat' dir='ltr'>nostrae</span> <span class='ocrx_word' id='word_1_290' title='bbox 1432 540 1673 585; x_wconf 84' lang='lat' dir='ltr'>approbationis</span> <span class='ocrx_word' id='word_1_291' title='bbox 1693 546 1723 573; x_wconf 88' lang='lat' dir='ltr'>et</span> <span class='ocrx_word' id='word_1_292' title='bbox 1752 552 1822 584; x_wconf 89' lang='lat' dir='ltr'>per-</span> 
     </span>
     <span class='ocr_line' id='line_1_62' title="bbox 1071 594 1823 638; baseline -0.001 -10"><span class='ocrx_word' id='word_1_293' title='bbox 1071 601 1185 637; x_wconf 84' lang='lat' dir='ltr'>petuae</span> <span class='ocrx_word' id='word_1_294' title='bbox 1207 596 1366 629; x_wconf 78' lang='lat' dir='ltr'>firmitatis</span> <span class='ocrx_word' id='word_1_295' title='bbox 1387 596 1486 629; x_wconf 89' lang='lat' dir='ltr'>robur</span> <span class='ocrx_word' id='word_1_296' title='bbox 1501 594 1682 634; x_wconf 85' lang='lat' dir='ltr'>adiicimus,</span> <span class='ocrx_word' id='word_1_297' title='bbox 1705 605 1823 638; x_wconf 86' lang='lat' dir='ltr'>easque</span> 
     </span>
     <span class='ocr_line' id='line_1_63' title="bbox 1070 649 1821 692; baseline 0 -11"><span class='ocrx_word' id='word_1_298' title='bbox 1070 650 1188 682; x_wconf 78' lang='lat' dir='ltr'>validas</span> <span class='ocrx_word' id='word_1_299' title='bbox 1208 656 1237 683; x_wconf 89' lang='lat' dir='ltr'>et</span> <span class='ocrx_word' id='word_1_300' title='bbox 1254 651 1399 683; x_wconf 83' lang='lat' dir='ltr'>efficaces</span> <span class='ocrx_word' id='word_1_301' title='bbox 1419 649 1566 689; x_wconf 75' lang='lat' dir='ltr'>existere,</span> <span class='ocrx_word' id='word_1_302' title='bbox 1593 659 1733 692; x_wconf 86' lang='lat' dir='ltr'>suosque</span> <span class='ocrx_word' id='word_1_303' title='bbox 1754 650 1821 692; x_wconf 85' lang='lat' dir='ltr'>ple-</span> 
     </span>
     <span class='ocr_line' id='line_1_64' title="bbox 1071 702 1823 747; baseline 0 -12"><span class='ocrx_word' id='word_1_304' title='bbox 1071 704 1179 736; x_wconf 89' lang='lat' dir='ltr'>narios</span> <span class='ocrx_word' id='word_1_305' title='bbox 1199 704 1333 737; x_wconf 80' lang='lat' dir='ltr'>effectus</span> <span class='ocrx_word' id='word_1_306' title='bbox 1359 704 1478 743; x_wconf 78' lang='lat' dir='ltr'>sortiri,</span> <span class='ocrx_word' id='word_1_307' title='bbox 1499 714 1535 736; x_wconf 77' lang='lat' dir='ltr'>ac</span> <span class='ocrx_word' id='word_1_308' title='bbox 1565 713 1623 746; x_wconf 89' lang='lat' dir='ltr'>per</span> <span class='ocrx_word' id='word_1_309' title='bbox 1652 702 1823 747; x_wconf 88' lang='lat' dir='ltr'>episcopos</span> 
     </span>
     <span class='ocr_line' id='line_1_65' title="bbox 1070 757 1823 802; baseline 0 -13"><span class='ocrx_word' id='word_1_310' title='bbox 1070 762 1097 789; x_wconf 85' lang='lat' dir='ltr'>et</span> <span class='ocrx_word' id='word_1_311' title='bbox 1120 758 1260 801; x_wconf 84' lang='lat' dir='ltr'>capitula</span> <span class='ocrx_word' id='word_1_312' title='bbox 1281 758 1462 802; x_wconf 87' lang='lat' dir='ltr'>praedictos</span> <span class='ocrx_word' id='word_1_313' title='bbox 1482 768 1517 790; x_wconf 89' lang='lat' dir='ltr'>ac</span> <span class='ocrx_word' id='word_1_314' title='bbox 1546 768 1660 790; x_wconf 88' lang='lat' dir='ltr'>eorum</span> <span class='ocrx_word' id='word_1_315' title='bbox 1680 757 1823 800; x_wconf 79' lang='lat' dir='ltr'>singulos</span> 
     </span>
     <span class='ocr_line' id='line_1_66' title="bbox 1070 811 1823 855; baseline 0 -12"><span class='ocrx_word' id='word_1_316' title='bbox 1070 811 1266 855; x_wconf 87' lang='lat' dir='ltr'>illorumque</span> <span class='ocrx_word' id='word_1_317' title='bbox 1288 822 1491 845; x_wconf 85' lang='lat' dir='ltr'>successores</span> <span class='ocrx_word' id='word_1_318' title='bbox 1503 817 1671 854; x_wconf 87' lang='lat' dir='ltr'>perpetuo,</span> <span class='ocrx_word' id='word_1_319' title='bbox 1692 811 1823 844; x_wconf 77' lang='lat' dir='ltr'>inviola-</span> 
     </span>
     <span class='ocr_line' id='line_1_67' title="bbox 1069 865 1822 905; baseline 0.001 -8"><span class='ocrx_word' id='word_1_320' title='bbox 1069 865 1175 898; x_wconf 86' lang='lat' dir='ltr'>biliter</span> <span class='ocrx_word' id='word_1_321' title='bbox 1195 871 1225 898; x_wconf 86' lang='lat' dir='ltr'>et</span> <span class='ocrx_word' id='word_1_322' title='bbox 1245 866 1381 898; x_wconf 86' lang='lat' dir='ltr'>firmiter</span> <span class='ocrx_word' id='word_1_323' title='bbox 1400 865 1561 898; x_wconf 81' lang='lat' dir='ltr'>observari</span> <span class='ocrx_word' id='word_1_324' title='bbox 1583 865 1711 905; x_wconf 88' lang='lat' dir='ltr'>debere,</span> <span class='ocrx_word' id='word_1_325' title='bbox 1738 865 1822 898; x_wconf 87' lang='lat' dir='ltr'>illos-</span> 
     </span>
     <span class='ocr_line' id='line_1_68' title="bbox 1069 919 1822 964; baseline 0.001 -13"><span class='ocrx_word' id='word_1_326' title='bbox 1069 930 1131 962; x_wconf 87' lang='lat' dir='ltr'>que</span> <span class='ocrx_word' id='word_1_327' title='bbox 1153 920 1219 953; x_wconf 87' lang='lat' dir='ltr'>ullo</span> <span class='ocrx_word' id='word_1_328' title='bbox 1240 930 1383 964; x_wconf 86' lang='lat' dir='ltr'>unquam</span> <span class='ocrx_word' id='word_1_329' title='bbox 1397 926 1540 962; x_wconf 86' lang='lat' dir='ltr'>tempore</span> <span class='ocrx_word' id='word_1_330' title='bbox 1557 919 1596 952; x_wconf 88' lang='lat' dir='ltr'>ab</span> <span class='ocrx_word' id='word_1_331' title='bbox 1611 920 1674 952; x_wconf 90' lang='lat' dir='ltr'>illis</span> <span class='ocrx_word' id='word_1_332' title='bbox 1698 919 1822 952; x_wconf 85' lang='lat' dir='ltr'>resilire</span> 
     </span>
     <span class='ocr_line' id='line_1_69' title="bbox 1069 973 1821 1017; baseline 0 -12"><span class='ocrx_word' id='word_1_333' title='bbox 1069 978 1123 1005; x_wconf 89' lang='lat' dir='ltr'>aut</span> <span class='ocrx_word' id='word_1_334' title='bbox 1144 974 1313 1006; x_wconf 81' lang='lat' dir='ltr'>reclamari</span> <span class='ocrx_word' id='word_1_335' title='bbox 1334 984 1399 1007; x_wconf 90' lang='lat' dir='ltr'>uon</span> <span class='ocrx_word' id='word_1_336' title='bbox 1419 984 1524 1017; x_wconf 86' lang='lat' dir='ltr'>posse,</span> <span class='ocrx_word' id='word_1_337' title='bbox 1547 973 1601 1006; x_wconf 90' lang='lat' dir='ltr'>sed</span> <span class='ocrx_word' id='word_1_338' title='bbox 1621 973 1660 1006; x_wconf 89' lang='lat' dir='ltr'>ad</span> <span class='ocrx_word' id='word_1_339' title='bbox 1676 974 1821 1007; x_wconf 84' lang='lat' dir='ltr'>omnium</span> 
     </span>
     <span class='ocr_line' id='line_1_70' title="bbox 1069 1027 1821 1071; baseline 0 -11"><span class='ocrx_word' id='word_1_340' title='bbox 1069 1033 1096 1060; x_wconf 89' lang='lat' dir='ltr'>et</span> <span class='ocrx_word' id='word_1_341' title='bbox 1130 1028 1333 1070; x_wconf 70' lang='lat' dir='ltr'>singulorum</span> <span class='ocrx_word' id='word_1_342' title='bbox 1354 1028 1608 1071; x_wconf 89' lang='lat' dir='ltr'>praemissorum</span> <span class='ocrx_word' id='word_1_343' title='bbox 1628 1038 1733 1060; x_wconf 89' lang='lat' dir='ltr'>veram</span> <span class='ocrx_word' id='word_1_344' title='bbox 1764 1027 1821 1061; x_wconf 93' lang='lat' dir='ltr'>ob-</span> 
     </span>
     <span class='ocr_line' id='line_1_71' title="bbox 1069 1081 1823 1124; baseline 0.001 -11"><span class='ocrx_word' id='word_1_345' title='bbox 1069 1081 1259 1114; x_wconf 68' lang='lat' dir='ltr'>servantiam</span> <span class='ocrx_word' id='word_1_346' title='bbox 1281 1082 1394 1121; x_wconf 86' lang='lat' dir='ltr'>teneri,</span> <span class='ocrx_word' id='word_1_347' title='bbox 1418 1087 1446 1114; x_wconf 86' lang='lat' dir='ltr'>et</span> <span class='ocrx_word' id='word_1_348' title='bbox 1473 1081 1647 1115; x_wconf 81' lang='lat' dir='ltr'>efficaciter</span> <span class='ocrx_word' id='word_1_349' title='bbox 1665 1082 1823 1124; x_wconf 77' lang='lat' dir='ltr'>obligatos</span> 
     </span>
     <span class='ocr_line' id='line_1_72' title="bbox 1068 1135 1822 1174; baseline 0.001 -7"><span class='ocrx_word' id='word_1_350' title='bbox 1068 1135 1222 1174; x_wconf 69' lang='lat' dir='ltr'>existere,</span> <span class='ocrx_word' id='word_1_351' title='bbox 1246 1141 1275 1168; x_wconf 84' lang='lat' dir='ltr'>et</span> <span class='ocrx_word' id='word_1_352' title='bbox 1296 1135 1335 1168; x_wconf 87' lang='lat' dir='ltr'>ad</span> <span class='ocrx_word' id='word_1_353' title='bbox 1365 1135 1394 1167; x_wconf 86' lang='lat' dir='ltr'>id</span> <span class='ocrx_word' id='word_1_354' title='bbox 1426 1135 1590 1168; x_wconf 87' lang='lat' dir='ltr'>sententiis</span> <span class='ocrx_word' id='word_1_355' title='bbox 1622 1140 1651 1168; x_wconf 88' lang='lat' dir='ltr'>et</span> <span class='ocrx_word' id='word_1_356' title='bbox 1677 1136 1822 1168; x_wconf 84' lang='lat' dir='ltr'>censuris</span> 
     </span>
     <span class='ocr_line' id='line_1_73' title="bbox 1068 1189 1822 1233; baseline 0.001 -12"><span class='ocrx_word' id='word_1_357' title='bbox 1068 1189 1305 1229; x_wconf 80' lang='lat' dir='ltr'>ecclesiasticis,</span> <span class='ocrx_word' id='word_1_358' title='bbox 1327 1200 1364 1222; x_wconf 91' lang='lat' dir='ltr'>ac</span> <span class='ocrx_word' id='word_1_359' title='bbox 1385 1189 1480 1222; x_wconf 88' lang='lat' dir='ltr'>etiam</span> <span class='ocrx_word' id='word_1_360' title='bbox 1497 1189 1694 1233; x_wconf 82' lang='lat' dir='ltr'>pecuniariis</span> <span class='ocrx_word' id='word_1_361' title='bbox 1709 1190 1822 1233; x_wconf 90' lang='lat' dir='ltr'>poenis</span> 
     </span>
     <span class='ocr_line' id='line_1_74' title="bbox 1069 1243 1487 1286; baseline 0 -11"><span class='ocrx_word' id='word_1_362' title='bbox 1069 1243 1138 1285; x_wconf 75' lang='lat' dir='ltr'>cogi</span> <span class='ocrx_word' id='word_1_363' title='bbox 1160 1248 1189 1275; x_wconf 86' lang='lat' dir='ltr'>et</span> <span class='ocrx_word' id='word_1_364' title='bbox 1210 1243 1362 1286; x_wconf 85' lang='lat' dir='ltr'>compelli</span> <span class='ocrx_word' id='word_1_365' title='bbox 1384 1253 1487 1286; x_wconf 87' lang='lat' dir='ltr'>posse.</span> 
     </span>
    </p>

    <p class='ocr_par' dir='ltr' id='par_1_11' title="bbox 1066 1297 1822 1936">
     <span class='ocr_line' id='line_1_75' title="bbox 1112 1297 1822 1341; baseline -0.003 -10"><span class='ocrx_word' id='word_1_366' title='bbox 1112 1298 1126 1340; x_wconf 62' lang='grc' dir='ltr'>ξ</span> <span class='ocrx_word' id='word_1_367' title='bbox 1150 1298 1181 1331; x_wconf 81' lang='lat'>5.</span> <span class='ocrx_word' id='word_1_368' title='bbox 1203 1297 1330 1341; x_wconf 76' lang='lat' dir='ltr'>‘Sicque</span> <span class='ocrx_word' id='word_1_369' title='bbox 1360 1308 1418 1341; x_wconf 87' lang='lat' dir='ltr'>per</span> <span class='ocrx_word' id='word_1_370' title='bbox 1442 1307 1666 1340; x_wconf 86' lang='lat' dir='ltr'>quoscumque</span> <span class='ocrx_word' id='word_1_371' title='bbox 1699 1297 1822 1331; x_wconf 86' lang='lat' dir='ltr'>iudices</span> 
     </span>
     <span class='ocr_line' id='line_1_76' title="bbox 1068 1350 1819 1384; baseline 0 0"><span class='ocrx_word' id='word_1_372' title='bbox 1068 1356 1098 1384; x_wconf 87' lang='lat' dir='ltr'>et</span> <span class='ocrx_word' id='word_1_373' title='bbox 1118 1351 1357 1384; x_wconf 82' lang='lat' dir='ltr'>commissarios</span> <span class='ocrx_word' id='word_1_374' title='bbox 1390 1362 1426 1383; x_wconf 84' lang='lat' dir='ltr'>ac</span> <span class='ocrx_word' id='word_1_375' title='bbox 1447 1350 1543 1384; x_wconf 87' lang='lat' dir='ltr'>etiam</span> <span class='ocrx_word' id='word_1_376' title='bbox 1564 1361 1736 1383; x_wconf 86' lang='lat' dir='ltr'>causarum</span> <span class='ocrx_word' id='word_1_377' title='bbox 1761 1351 1819 1384; x_wconf 90' lang='lat' dir='ltr'>Pa-</span> 
     </span>
     <span class='ocr_line' id='line_1_77' title="bbox 1068 1404 1821 1449; baseline 0.001 -12"><span class='ocrx_word' id='word_1_378' title='bbox 1068 1405 1134 1437; x_wconf 92' lang='lat' dir='ltr'>latii</span> <span class='ocrx_word' id='word_1_379' title='bbox 1167 1404 1342 1449; x_wconf 86' lang='lat' dir='ltr'>Apostolici</span> <span class='ocrx_word' id='word_1_380' title='bbox 1371 1405 1547 1444; x_wconf 81' lang='lat' dir='ltr'>auditores,</span> <span class='ocrx_word' id='word_1_381' title='bbox 1573 1404 1697 1437; x_wconf 86' lang='lat' dir='ltr'>sublata</span> <span class='ocrx_word' id='word_1_382' title='bbox 1721 1405 1766 1437; x_wconf 87' lang='lat' dir='ltr'>eis</span> <span class='ocrx_word' id='word_1_383' title='bbox 1790 1411 1821 1438; x_wconf 80' lang='lat' dir='ltr'>et</span> 
     </span>
     <span class='ocr_line' id='line_1_78' title="bbox 1068 1458 1819 1503; baseline -0.001 -11"><span class='ocrx_word' id='word_1_384' title='bbox 1068 1470 1181 1492; x_wconf 84' lang='lat' dir='ltr'>eorum</span> <span class='ocrx_word' id='word_1_385' title='bbox 1211 1459 1339 1492; x_wconf 80' lang='lat' dir='ltr'>cuilibet</span> <span class='ocrx_word' id='word_1_386' title='bbox 1362 1458 1472 1503; x_wconf 83' lang='lat' dir='ltr'>quavis</span> <span class='ocrx_word' id='word_1_387' title='bbox 1491 1458 1583 1491; x_wconf 90' lang='lat' dir='ltr'>aliter</span> <span class='ocrx_word' id='word_1_388' title='bbox 1602 1458 1765 1491; x_wconf 87' lang='lat' dir='ltr'>iudicandi</span> <span class='ocrx_word' id='word_1_389' title='bbox 1790 1465 1819 1493; x_wconf 87' lang='lat' dir='ltr'>et</span> 
     </span>
     <span class='ocr_line' id='line_1_79' title="bbox 1067 1512 1820 1557; baseline -0.003 -11"><span class='ocrx_word' id='word_1_390' title='bbox 1067 1513 1300 1557; x_wconf 87' lang='lat' dir='ltr'>interpretandi</span> <span class='ocrx_word' id='word_1_391' title='bbox 1335 1513 1483 1545; x_wconf 73' lang='lat' dir='ltr'>facultate</span> <span class='ocrx_word' id='word_1_392' title='bbox 1504 1517 1534 1545; x_wconf 90' lang='lat' dir='ltr'>et</span> <span class='ocrx_word' id='word_1_393' title='bbox 1553 1512 1820 1553; x_wconf 82' lang='lat' dir='ltr'>auctoritate‚iu-</span> 
     </span>
     <span class='ocr_line' id='line_1_80' title="bbox 1068 1566 1820 1610; baseline -0.001 -11"><span class='ocrx_word' id='word_1_394' title='bbox 1068 1568 1168 1600; x_wconf 88' lang='lat' dir='ltr'>dicari</span> <span class='ocrx_word' id='word_1_395' title='bbox 1183 1573 1210 1600; x_wconf 84' lang='lat' dir='ltr'>et</span> <span class='ocrx_word' id='word_1_396' title='bbox 1224 1566 1428 1610; x_wconf 83' lang='lat' dir='ltr'>interpretari</span> <span class='ocrx_word' id='word_1_397' title='bbox 1448 1566 1578 1605; x_wconf 87' lang='lat' dir='ltr'>debere;</span> <span class='ocrx_word' id='word_1_398' title='bbox 1597 1566 1724 1599; x_wconf 88' lang='lat' dir='ltr'>irritum</span> <span class='ocrx_word' id='word_1_399' title='bbox 1741 1577 1820 1610; x_wconf 91' lang='lat' dir='ltr'>quo-</span> 
     </span>
     <span class='ocr_line' id='line_1_81' title="bbox 1067 1620 1820 1665; baseline -0.001 -12"><span class='ocrx_word' id='word_1_400' title='bbox 1067 1633 1129 1665; x_wconf 83' lang='lat' dir='ltr'>que</span> <span class='ocrx_word' id='word_1_401' title='bbox 1163 1627 1194 1654; x_wconf 88' lang='lat' dir='ltr'>et</span> <span class='ocrx_word' id='word_1_402' title='bbox 1214 1622 1307 1654; x_wconf 87' lang='lat' dir='ltr'>inane</span> <span class='ocrx_word' id='word_1_403' title='bbox 1328 1620 1546 1660; x_wconf 74' lang='lat' dir='ltr'>decernimus,</span> <span class='ocrx_word' id='word_1_404' title='bbox 1564 1620 1589 1653; x_wconf 89' lang='lat' dir='ltr'>si</span> <span class='ocrx_word' id='word_1_405' title='bbox 1610 1631 1702 1653; x_wconf 89' lang='lat' dir='ltr'>secus</span> <span class='ocrx_word' id='word_1_406' title='bbox 1723 1631 1820 1663; x_wconf 90' lang='lat' dir='ltr'>super</span> 
     </span>
     <span class='ocr_line' id='line_1_82' title="bbox 1067 1673 1820 1719; baseline -0.003 -11"><span class='ocrx_word' id='word_1_407' title='bbox 1067 1676 1115 1708; x_wconf 88' lang='lat' dir='ltr'>bis</span> <span class='ocrx_word' id='word_1_408' title='bbox 1126 1687 1143 1708; x_wconf 91' lang='lat' dir='ltr'>a</span> <span class='ocrx_word' id='word_1_409' title='bbox 1155 1686 1331 1719; x_wconf 81' lang='lat' dir='ltr'>quoquam,</span> <span class='ocrx_word' id='word_1_410' title='bbox 1344 1674 1454 1718; x_wconf 81' lang='lat' dir='ltr'>quavis</span> <span class='ocrx_word' id='word_1_411' title='bbox 1468 1673 1669 1714; x_wconf 85' lang='lat' dir='ltr'>auctoritate,</span> <span class='ocrx_word' id='word_1_412' title='bbox 1682 1674 1820 1706; x_wconf 83' lang='lat' dir='ltr'>scienter</span> 
     </span>
     <span class='ocr_line' id='line_1_83' title="bbox 1066 1728 1819 1772; baseline -0.003 -10"><span class='ocrx_word' id='word_1_413' title='bbox 1066 1731 1113 1763; x_wconf 76' lang='lat' dir='ltr'>vel</span> <span class='ocrx_word' id='word_1_414' title='bbox 1127 1730 1324 1772; x_wconf 72' lang='lat' dir='ltr'>ignoranter,</span> <span class='ocrx_word' id='word_1_415' title='bbox 1337 1729 1507 1772; x_wconf 76' lang='lat' dir='ltr'>contigerit</span> <span class='ocrx_word' id='word_1_416' title='bbox 1522 1728 1682 1767; x_wconf 88' lang='lat' dir='ltr'>attentari,</span> <span class='ocrx_word' id='word_1_417' title='bbox 1696 1739 1819 1761; x_wconf 89' lang='lat' dir='ltr'>omnes-</span> 
     </span>
     <span class='ocr_line' id='line_1_84' title="bbox 1066 1782 1816 1828; baseline -0.003 -11"><span class='ocrx_word' id='word_1_418' title='bbox 1066 1796 1128 1828; x_wconf 85' lang='lat' dir='ltr'>que</span> <span class='ocrx_word' id='word_1_419' title='bbox 1162 1790 1190 1817; x_wconf 86' lang='lat' dir='ltr'>et</span> <span class='ocrx_word' id='word_1_420' title='bbox 1225 1785 1369 1827; x_wconf 78' lang='lat' dir='ltr'>singulos</span> <span class='ocrx_word' id='word_1_421' title='bbox 1389 1783 1468 1816; x_wconf 88' lang='lat' dir='ltr'>iuris</span> <span class='ocrx_word' id='word_1_422' title='bbox 1495 1787 1525 1816; x_wconf 90' lang='lat' dir='ltr'>et</span> <span class='ocrx_word' id='word_1_423' title='bbox 1555 1782 1626 1815; x_wconf 79' lang='lat' dir='ltr'>sacti</span> <span class='ocrx_word' id='word_1_424' title='bbox 1660 1782 1816 1823; x_wconf 82' lang='lat' dir='ltr'>desectus,</span> 
     </span>
     <span class='ocr_line' id='line_1_85' title="bbox 1066 1836 1817 1881; baseline -0.004 -10"><span class='ocrx_word' id='word_1_425' title='bbox 1066 1839 1090 1871; x_wconf 87' lang='lat' dir='ltr'>si</span> <span class='ocrx_word' id='word_1_426' title='bbox 1103 1838 1157 1881; x_wconf 83' lang='lat' dir='ltr'>qui</span> <span class='ocrx_word' id='word_1_427' title='bbox 1172 1839 1279 1871; x_wconf 82' lang='lat' dir='ltr'>forsan</span> <span class='ocrx_word' id='word_1_428' title='bbox 1294 1836 1525 1870; x_wconf 78' lang='lat' dir='ltr'>intervenerint</span> <span class='ocrx_word' id='word_1_429' title='bbox 1539 1836 1570 1868; x_wconf 91' lang='lat' dir='ltr'>in</span> <span class='ocrx_word' id='word_1_430' title='bbox 1587 1836 1720 1876; x_wconf 86' lang='lat' dir='ltr'>eisdem,</span> <span class='ocrx_word' id='word_1_431' title='bbox 1741 1847 1817 1879; x_wconf 89' lang='lat' dir='ltr'>sup-</span> 
     </span>
     <span class='ocr_line' id='line_1_86' title="bbox 1066 1893 1203 1936; baseline 0 -11"><span class='ocrx_word' id='word_1_432' title='bbox 1066 1893 1203 1936; x_wconf 78' lang='lat' dir='ltr'>plenius.</span> 
     </span>
    </p>

    <p class='ocr_par' dir='ltr' id='par_1_12' title="bbox 1061 1943 1820 2719">
     <span class='ocr_line' id='line_1_87' title="bbox 1109 1943 1820 1990; baseline -0.004 -11"><span class='ocrx_word' id='word_1_433' title='bbox 1109 1948 1173 1990; x_wconf 56' lang='lat' dir='ltr'>{tt</span> <span class='ocrx_word' id='word_1_434' title='bbox 1205 1946 1275 1979; x_wconf 91' lang='lat' dir='ltr'>Non</span> <span class='ocrx_word' id='word_1_435' title='bbox 1304 1944 1505 1979; x_wconf 89' lang='lat' dir='ltr'>obstantibus</span> <span class='ocrx_word' id='word_1_436' title='bbox 1535 1943 1720 1987; x_wconf 87' lang='lat' dir='ltr'>apostolicis</span> <span class='ocrx_word' id='word_1_437' title='bbox 1760 1953 1820 1976; x_wconf 89' lang='lat' dir='ltr'>nee</span> 
     </span>
     <span class='ocr_line' id='line_1_88' title="bbox 1065 1997 1819 2044; baseline -0.004 -12"><span class='ocrx_word' id='word_1_438' title='bbox 1065 2011 1129 2033; x_wconf 90' lang='lat' dir='ltr'>uon</span> <span class='ocrx_word' id='word_1_439' title='bbox 1151 2000 1182 2032; x_wconf 93' lang='lat' dir='ltr'>in</span> <span class='ocrx_word' id='word_1_440' title='bbox 1203 1999 1453 2044; x_wconf 79' lang='lat' dir='ltr'>provincialibus</span> <span class='ocrx_word' id='word_1_441' title='bbox 1473 2003 1501 2031; x_wconf 91' lang='lat' dir='ltr'>et</span> <span class='ocrx_word' id='word_1_442' title='bbox 1519 1997 1725 2042; x_wconf 67' lang='lat' dir='ltr'>synodalibus</span> <span class='ocrx_word' id='word_1_443' title='bbox 1744 2007 1819 2030; x_wconf 87' lang='lat' dir='ltr'>con-</span> 
     </span>
     <span class='ocr_line' id='line_1_89' title="bbox 1065 2051 1817 2097; baseline -0.004 -11"><span class='ocrx_word' id='word_1_444' title='bbox 1065 2054 1146 2087; x_wconf 94' lang='lat' dir='ltr'>eiliis</span> <span class='ocrx_word' id='word_1_445' title='bbox 1179 2054 1283 2093; x_wconf 88' lang='lat' dir='ltr'>editis,</span> <span class='ocrx_word' id='word_1_446' title='bbox 1318 2052 1523 2097; x_wconf 86' lang='lat' dir='ltr'>generalibus</span> <span class='ocrx_word' id='word_1_447' title='bbox 1542 2052 1590 2085; x_wconf 87' lang='lat' dir='ltr'>vel</span> <span class='ocrx_word' id='word_1_448' title='bbox 1611 2051 1817 2095; x_wconf 82' lang='lat' dir='ltr'>specialibus,</span> 
     </span>
     <span class='ocr_line' id='line_1_90' title="bbox 1065 2105 1818 2144; baseline -0.007 -2"><span class='ocrx_word' id='word_1_449' title='bbox 1065 2107 1361 2143; x_wconf 71' lang='lat' dir='ltr'>constitutionibus:</span> <span class='ocrx_word' id='word_1_450' title='bbox 1374 2118 1410 2140; x_wconf 90' lang='lat' dir='ltr'>ae</span> <span class='ocrx_word' id='word_1_451' title='bbox 1419 2107 1578 2140; x_wconf 88' lang='lat' dir='ltr'>dictarum</span> <span class='ocrx_word' id='word_1_452' title='bbox 1591 2105 1801 2139; x_wconf 89' lang='lat' dir='ltr'>ecclesiarum</span> <span class='ocrx_word' id='word_1_453' title='bbox 1811 2132 1818 2144; x_wconf 82' lang='lat'>,</span> 
     </span>
     <span class='ocr_line' id='line_1_91' title="bbox 1064 2159 1818 2203; baseline -0.004 -9"><span class='ocrx_word' id='word_1_454' title='bbox 1064 2162 1159 2195; x_wconf 88' lang='lat' dir='ltr'>etiam</span> <span class='ocrx_word' id='word_1_455' title='bbox 1189 2161 1383 2201; x_wconf 88' lang='lat' dir='ltr'>iuramento,</span> <span class='ocrx_word' id='word_1_456' title='bbox 1415 2159 1660 2194; x_wconf 64' lang='lat' dir='ltr'>continuatione</span> <span class='ocrx_word' id='word_1_457' title='bbox 1688 2165 1818 2203; x_wconf 88' lang='lat' dir='ltr'>aposto-</span> 
     </span>
     <span class='ocr_line' id='line_1_92' title="bbox 1063 2213 1816 2259; baseline -0.005 -10"><span class='ocrx_word' id='word_1_458' title='bbox 1063 2216 1124 2249; x_wconf 84' lang='lat' dir='ltr'>lica</span> <span class='ocrx_word' id='word_1_459' title='bbox 1155 2217 1202 2248; x_wconf 88' lang='lat' dir='ltr'>vel</span> <span class='ocrx_word' id='word_1_460' title='bbox 1231 2215 1341 2259; x_wconf 76' lang='lat' dir='ltr'>quavis</span> <span class='ocrx_word' id='word_1_461' title='bbox 1370 2215 1519 2248; x_wconf 81' lang='lat' dir='ltr'>firmitate</span> <span class='ocrx_word' id='word_1_462' title='bbox 1549 2214 1609 2246; x_wconf 83' lang='lat' dir='ltr'>alia</span> <span class='ocrx_word' id='word_1_463' title='bbox 1645 2213 1816 2253; x_wconf 83' lang='lat' dir='ltr'>roboratis,</span> 
     </span>
     <span class='ocr_line' id='line_1_93' title="bbox 1063 2266 1818 2310; baseline -0.005 -8"><span class='ocrx_word' id='word_1_464' title='bbox 1063 2269 1188 2303; x_wconf 91' lang='lat' dir='ltr'>statutis</span> <span class='ocrx_word' id='word_1_465' title='bbox 1226 2276 1253 2302; x_wconf 91' lang='lat' dir='ltr'>et</span> <span class='ocrx_word' id='word_1_466' title='bbox 1289 2267 1598 2308; x_wconf 69' lang='lat' dir='ltr'>consuetudinibus,</span> <span class='ocrx_word' id='word_1_467' title='bbox 1644 2266 1818 2310; x_wconf 79' lang='lat' dir='ltr'>privilegiis</span> 
     </span>
     <span class='ocr_line' id='line_1_94' title="bbox 1063 2319 1816 2366; baseline -0.004 -11"><span class='ocrx_word' id='word_1_468' title='bbox 1063 2333 1205 2366; x_wconf 81' lang='lat' dir='ltr'>quoque,</span> <span class='ocrx_word' id='word_1_469' title='bbox 1228 2322 1359 2355; x_wconf 81' lang='lat' dir='ltr'>indultis</span> <span class='ocrx_word' id='word_1_470' title='bbox 1379 2328 1409 2355; x_wconf 77' lang='lat' dir='ltr'>et</span> <span class='ocrx_word' id='word_1_471' title='bbox 1425 2321 1538 2354; x_wconf 88' lang='lat' dir='ltr'>litteris</span> <span class='ocrx_word' id='word_1_472' title='bbox 1558 2319 1742 2365; x_wconf 85' lang='lat' dir='ltr'>apostolicis</span> <span class='ocrx_word' id='word_1_473' title='bbox 1755 2320 1816 2353; x_wconf 89' lang='lat' dir='ltr'>eis-</span> 
     </span>
     <span class='ocr_line' id='line_1_95' title="bbox 1063 2374 1815 2418; baseline -0.004 -9"><span class='ocrx_word' id='word_1_474' title='bbox 1063 2376 1134 2409; x_wconf 88' lang='lat' dir='ltr'>dem</span> <span class='ocrx_word' id='word_1_475' title='bbox 1165 2376 1308 2410; x_wconf 86' lang='lat' dir='ltr'>eeclesiis</span> <span class='ocrx_word' id='word_1_476' title='bbox 1358 2376 1553 2418; x_wconf 84' lang='lat' dir='ltr'>illarumque</span> <span class='ocrx_word' id='word_1_477' title='bbox 1588 2374 1748 2418; x_wconf 83' lang='lat' dir='ltr'>episcopis</span> <span class='ocrx_word' id='word_1_478' title='bbox 1787 2380 1815 2407; x_wconf 90' lang='lat' dir='ltr'>et</span> 
     </span>
     <span class='ocr_line' id='line_1_96' title="bbox 1063 2428 1815 2473; baseline -0.004 -10"><span class='ocrx_word' id='word_1_479' title='bbox 1063 2430 1212 2473; x_wconf 87' lang='lat' dir='ltr'>capitulis</span> <span class='ocrx_word' id='word_1_480' title='bbox 1241 2442 1277 2463; x_wconf 86' lang='lat' dir='ltr'>ac</span> <span class='ocrx_word' id='word_1_481' title='bbox 1298 2429 1463 2473; x_wconf 70' lang='lat' dir='ltr'>quibusvis</span> <span class='ocrx_word' id='word_1_482' title='bbox 1483 2428 1565 2469; x_wconf 90' lang='lat' dir='ltr'>aliis,</span> <span class='ocrx_word' id='word_1_483' title='bbox 1588 2428 1647 2460; x_wconf 89' lang='lat' dir='ltr'>sub</span> <span class='ocrx_word' id='word_1_484' title='bbox 1680 2428 1815 2472; x_wconf 83' lang='lat' dir='ltr'>quibus-</span> 
     </span>
     <span class='ocr_line' id='line_1_97' title="bbox 1063 2476 1816 2523; baseline -0.005 -10"><span class='ocrx_word' id='word_1_485' title='bbox 1063 2491 1203 2523; x_wconf 81' lang='lat' dir='ltr'>cumque</span> <span class='ocrx_word' id='word_1_486' title='bbox 1247 2479 1413 2512; x_wconf 86' lang='lat' dir='ltr'>tenoribus</span> <span class='ocrx_word' id='word_1_487' title='bbox 1452 2483 1482 2511; x_wconf 87' lang='lat' dir='ltr'>et</span> <span class='ocrx_word' id='word_1_488' title='bbox 1516 2477 1627 2510; x_wconf 79' lang='lat' dir='ltr'>formis</span> <span class='ocrx_word' id='word_1_489' title='bbox 1655 2476 1816 2510; x_wconf 88' lang='lat' dir='ltr'>concessis</span> 
     </span>
     <span class='ocr_line' id='line_1_98' title="bbox 1062 2526 1815 2573; baseline -0.005 -11"><span class='ocrx_word' id='word_1_490' title='bbox 1062 2536 1090 2562; x_wconf 86' lang='lat' dir='ltr'>et</span> <span class='ocrx_word' id='word_1_491' title='bbox 1107 2528 1302 2573; x_wconf 86' lang='lat' dir='ltr'>approbatis,</span> <span class='ocrx_word' id='word_1_492' title='bbox 1322 2540 1357 2561; x_wconf 89' lang='lat' dir='ltr'>ac</span> <span class='ocrx_word' id='word_1_493' title='bbox 1379 2528 1474 2561; x_wconf 89' lang='lat' dir='ltr'>etiam</span> <span class='ocrx_word' id='word_1_494' title='bbox 1490 2527 1611 2560; x_wconf 87' lang='lat' dir='ltr'>iteratis</span> <span class='ocrx_word' id='word_1_495' title='bbox 1630 2526 1753 2560; x_wconf 81' lang='lat' dir='ltr'>vicibus</span> <span class='ocrx_word' id='word_1_496' title='bbox 1768 2527 1815 2559; x_wconf 91' lang='lat' dir='ltr'>iu-</span> 
     </span>
     <span class='ocr_line' id='line_1_99' title="bbox 1061 2577 1815 2618; baseline -0.005 -6"><span class='ocrx_word' id='word_1_497' title='bbox 1061 2579 1194 2612; x_wconf 83' lang='lat' dir='ltr'>novatis.</span> <span class='ocrx_word' id='word_1_498' title='bbox 1217 2579 1339 2618; x_wconf 85' lang='lat' dir='ltr'>Quibus</span> <span class='ocrx_word' id='word_1_499' title='bbox 1354 2577 1517 2617; x_wconf 87' lang='lat' dir='ltr'>omnibus,</span> <span class='ocrx_word' id='word_1_500' title='bbox 1540 2577 1670 2610; x_wconf 86' lang='lat' dir='ltr'>illorum</span> <span class='ocrx_word' id='word_1_501' title='bbox 1687 2581 1815 2609; x_wconf 87' lang='lat' dir='ltr'>tenores</span> 
     </span>
     <span class='ocr_line' id='line_1_100' title="bbox 1061 2626 1814 2672; baseline -0.005 -10"><span class='ocrx_word' id='word_1_502' title='bbox 1061 2628 1284 2672; x_wconf 88' lang='lat' dir='ltr'>praesentibus</span> <span class='ocrx_word' id='word_1_503' title='bbox 1301 2639 1358 2672; x_wconf 85' lang='lat' dir='ltr'>pro</span> <span class='ocrx_word' id='word_1_504' title='bbox 1375 2627 1572 2660; x_wconf 79' lang='lat' dir='ltr'>sufficienter</span> <span class='ocrx_word' id='word_1_505' title='bbox 1592 2626 1750 2670; x_wconf 82' lang='lat' dir='ltr'>expressis</span> <span class='ocrx_word' id='word_1_506' title='bbox 1761 2626 1814 2658; x_wconf 92' lang='lat' dir='ltr'>ha-</span> 
     </span>
     <span class='ocr_line' id='line_1_101' title="bbox 1062 2676 1811 2719; baseline -0.001 -10"><span class='ocrx_word' id='word_1_507' title='bbox 1062 2678 1184 2718; x_wconf 85' lang='lat' dir='ltr'>bentes,</span> <span class='ocrx_word' id='word_1_508' title='bbox 1208 2677 1270 2710; x_wconf 83' lang='lat' dir='ltr'>illis</span> <span class='ocrx_word' id='word_1_509' title='bbox 1289 2677 1367 2710; x_wconf 81' lang='lat' dir='ltr'>alias</span> <span class='ocrx_word' id='word_1_510' title='bbox 1388 2677 1420 2710; x_wconf 94' lang='lat' dir='ltr'>in</span> <span class='ocrx_word' id='word_1_511' title='bbox 1441 2687 1498 2711; x_wconf 80' lang='lat' dir='ltr'>suo</span> <span class='ocrx_word' id='word_1_512' title='bbox 1522 2676 1639 2710; x_wconf 86' lang='lat' dir='ltr'>robore</span> <span class='ocrx_word' id='word_1_513' title='bbox 1661 2686 1811 2719; x_wconf 85' lang='lat' dir='ltr'>perman-</span> 
     </span>
    </p>
   </div>
   <div class='ocr_carea' id='block_1_9' title="bbox 1839 268 2021 296">
    <p class='ocr_par' dir='ltr' id='par_1_13' title="bbox 1839 268 2021 296">
     <span class='ocr_line' id='line_1_102' title="bbox 1839 268 2021 296; baseline -0.005 0"><span class='ocrx_word' id='word_1_514' title='bbox 1839 271 1888 296; x_wconf 72' lang='grc' dir='ltr'>ΑΩ.</span> <span class='ocrx_word' id='word_1_515' title='bbox 1905 269 1934 296; x_wconf 91' lang='lat' dir='ltr'>C.</span> <span class='ocrx_word' id='word_1_516' title='bbox 1953 268 2021 296; x_wconf 76' lang='lat'>¹567</span> 
     </span>
    </p>
   </div>
   <div class='ocr_carea' id='block_1_10' title="bbox 1839 495 2021 612">
    <p class='ocr_par' dir='ltr' id='par_1_14' title="bbox 1839 495 2021 612">
     <span class='ocr_line' id='line_1_103' title="bbox 1866 495 2019 520; baseline 0 -4"><span class='ocrx_word' id='word_1_517' title='bbox 1866 495 1927 516; x_wconf 78' lang='lat' dir='ltr'>Poena</span> <span class='ocrx_word' id='word_1_518' title='bbox 1943 498 1963 516; x_wconf 87' lang='lat' dir='ltr'>in</span> <span class='ocrx_word' id='word_1_519' title='bbox 1975 501 2019 520; x_wconf 82' lang='lat' dir='ltr'>eos,</span> 
     </span>
     <span class='ocr_line' id='line_1_104' title="bbox 1839 529 2021 555; baseline 0 -7"><span class='ocrx_word' id='word_1_520' title='bbox 1839 530 1872 555; x_wconf 83' lang='lat' dir='ltr'>qui</span> <span class='ocrx_word' id='word_1_521' title='bbox 1919 529 2021 548; x_wconf 77' lang='lat' dir='ltr'>recedere</span> 
     </span>
     <span class='ocr_line' id='line_1_105' title="bbox 1906 561 2021 581; baseline 0.009 -3"><span class='ocrx_word' id='word_1_522' title='bbox 1906 561 2021 581; x_wconf 59' lang='lat' dir='ltr'>concor-itta</span> 
     </span>
     <span class='ocr_line' id='line_1_106' title="bbox 1839 593 1976 612; baseline -0.007 0"><span class='ocrx_word' id='word_1_523' title='bbox 1839 593 1976 612; x_wconf 74' lang='lat' dir='ltr'>tentaverint.</span> 
     </span>
    </p>
   </div>
   <div class='ocr_carea' id='block_1_11' title="bbox 1863 1306 1981 1327">
    <p class='ocr_par' dir='ltr' id='par_1_15' title="bbox 1863 1306 1981 1327">
     <span class='ocr_line' id='line_1_107' title="bbox 1863 1306 1981 1327; baseline 0 -1"><span class='ocrx_word' id='word_1_524' title='bbox 1863 1306 1981 1327; x_wconf 69' lang='lat' dir='ltr'>Clausulae.</span> 
     </span>
    </p>
   </div>
   <div class='ocr_carea' id='block_1_12' title="bbox 1834 1953 2016 2006">
    <p class='ocr_par' dir='ltr' id='par_1_16' title="bbox 1834 1953 2016 2006">
     <span class='ocr_line' id='line_1_108' title="bbox 1901 1953 2016 1980; baseline 0 -6"><span class='ocrx_word' id='word_1_525' title='bbox 1901 1953 2016 1980; x_wconf 74' lang='lat' dir='ltr'>Derogauo</span> 
     </span>
     <span class='ocr_line' id='line_1_109' title="bbox 1834 1987 1995 2006; baseline -0.006 0"><span class='ocrx_word' id='word_1_526' title='bbox 1834 1987 1995 2006; x_wconf 66' lang='lat' dir='ltr'>contrariorum.</span> 
     </span>
    </p>
   </div>
  </div>
 </body>
</html>
