2237 3100
59 266 107 293 An.
126 263 157 291 C.
175 263 243 291 1⁸66

73 1068 184 1095 signatura
201 1068 246 1089 sota

62 1099 146 1122 eufficn.

95 1818 144 1840 Pius
160 1817 187 1839 tv
204 1821 253 1846 post

70 1852 122 1874 alios
138 1851 252 1872 Pontifices

70 1883 253 1911 probibuttappel-

71 1914 179 1941 lationem,
210 1921 252 1936 non

70 1945 124 1967 tacto
147 1946 251 1973 deposito.

71 1978 92 1998 in
107 1978 176 1999 causis
186 1979 254 1999 crinit-

72 2007 159 2029 nulibus.

945 262 1011 286 rius
1031 263 1049 285 V
1070 262 1117 285 Pr.

258 313 360 354 sisset,
392 324 467 347 cum
496 314 590 357 plena
611 320 639 347 et
666 314 852 348 omnimoda
882 315 1012 348 iurisdi-

257 367 375 408 ctione,
402 367 593 400 auctoritate
614 373 644 401 et
660 373 814 412 potestate
835 368 920 401 (licto
941 370 1011 401 offi-

257 421 306 454 cio
339 431 375 454 ac
408 421 561 454 omnibus
591 421 764 465 praedictis
795 422 1013 455 cardinalibus

256 480 285 507 et
315 485 430 508 eorum
456 474 767 518 praedecessoribus
792 486 849 519 per
879 485 936 508 nos
965 476 1013 508 vel

257 527 336 561 alios
353 527 505 561 Summos
534 528 706 562 Pontifices
731 529 809 562 alias
830 530 1012 572 quomodo-

258 581 334 616 libet
363 582 524 615 concessis
543 587 573 615 et
593 582 766 623 attributis,
799 583 925 616 irritum
953 588 1009 616 etc.

258 636 483 669 decernentes.

302 689 373 733 §4
407 689 477 723 Non
511 689 713 722 obstantibus
756 690 941 733 praemissis
977 702 1014 724 ac

60 746 199 798 mffiffmm
218 747 244 767 ‘r-
257 742 423 786 quibusvis
456 742 527 776 aliis
551 742 837 776 constitutionibus
867 750 897 777 ct
927 744 1014 777 ordi-

259 796 444 830 nationibus
471 795 675 840 apostolicis‚
703 807 739 829 ac
761 797 913 830 omnibus
939 798 1013 837 illis,

259 860 342 893 quae
363 860 422 883 nos
442 854 472 883 et
498 849 764 893 praedecessores
783 851 883 884 nostri
906 852 1015 885 volue-

259 908 335 937 runt
355 909 386 936 et
404 904 555 937 volumus
574 913 639 936 non
665 903 804 944 obstare,
836 905 1016 949 ceterisque

261 957 431 990 contrariis
450 957 724 1000 quibuscumque.

304 1011 319 1054 ξ
339 1011 369 1044 5.
393 1011 610 1044 Decernentes
632 1011 733 1043 solam
755 1011 933 1055 praesentis
958 1022 1016 1045 no-

261 1063 318 1097 stri
343 1069 450 1098 motus
466 1065 590 1108 proprii
611 1064 809 1107 signaturam
827 1065 975 1098 sufficere
989 1070 1019 1097 et

263 1116 395 1161 ubique,
419 1118 450 1150 in
472 1118 592 1151 iudicio
609 1123 640 1151 et
660 1124 760 1157 extra,
785 1118 880 1151 tidem
899 1120 1016 1156 lacere,

263 1171 374 1214 reg-ula
395 1172 558 1205 contraria
578 1182 643 1204 non
662 1172 819 1205 obstante.

412 1224 531 1265 Placet,
555 1230 644 1258 motu
663 1225 805 1269 proprio.
832 1226 868 1258 lll.

584 1390 698 1423 XXXV.

264 1465 431 1509 Miciyatio
443 1466 687 1498 constitutiones
704 1466 789 1498 Pe'e'I
798 1467 828 1502 Γ,
847 1467 951 1509 quom!
963 1478 1020 1508 αμ-

305 1519 497 1562 pellationes
524 1520 825 1559 condemnatorum,
853 1521 938 1561 sacta
967 1521 1021 1551 ‹le-

306 1573 410 1615 posito
429 1573 478 1605 vel
497 1573 576 1605 (lata
597 1574 746 1606 cautione
769 1574 794 1605 1.

383 1663 445 1692 rius
468 1664 539 1700 rapa
562 1664 593 1697 V,
618 1665 697 1692 motu
715 1664 840 1699 proprio.
861 1665 917 1692 etc.

311 1744 325 1787 ἓ
350 1744 381 1777 t.
409 1744 488 1778 Cum
523 1744 620 1788 (sicut
648 1745 835 1788 accepimus
860 1757 876 1777 a
905 1745 1023 1777 dilecto

267 1797 334 1831 filio
350 1797 530 1831 Alexandro
550 1798 672 1840 Riario,
695 1798 842 1831 auditore
859 1804 968 1831 nostro
993 1805 1020 1831 et

267 1852 523 1896 appellationum
557 1851 663 1885 iudice
693 1852 872 1896 ordinario)
907 1864 944 1884 ex
974 1852 1023 1884 di-

267 1905 365 1938 versis
386 1906 487 1939 literis
512 1906 544 1937 in
569 1905 673 1938 forma
694 1911 801 1938 motus
823 1905 945 1949 proprii
967 1916 1025 1949 per

268 1958 370 1992 felicis
391 1958 623 1992 recordationis
634 1959 727 1991 Pium
738 1964 891 2002 quartum
904 1964 934 1991 et
945 1960 1025 1992 alios

269 2012 439 2045 Pontifices
457 2013 720 2056 praedecessores
736 2018 874 2051 nostros,
894 2018 920 2045 et
935 2023 1026 2056 prae-

269 2066 378 2098 sertim
407 2061 465 2099 sub
486 2066 596 2099 datum
618 2066 738 2099 Romae
764 2065 849 2108 apud
871 2066 1023 2099 Sanctum

270 2119 412 2160 Petrum,
440 2119 633 2153 duodecimo
654 2120 806 2152 kalendas
833 2119 923 2160 iunii,
941 2130 1026 2152 anino

271 2179 356 2206 sexto
372 2175 526 2218 (quorum
547 2173 692 2205 omnium
714 2177 843 2205 tenores
868 2173 919 2205 bic
940 2174 1027 2205 volu-

272 2237 344 2259 mus
363 2238 422 2271 pro
443 2226 601 2270 expressis
626 2226 764 2267 haberi),
787 2231 953 2266 cnianato,
989 2227 1026 2259 dc

272 2291 335 2313 non
367 2280 573 2314 admittendis
603 2279 894 2323 appellationibus,
923 2290 1027 2323 neque

272 2334 485 2368 decernendis
506 2332 767 2368 inhibitionibus,
799 2332 979 2377 monitoriis
999 2338 1029 2365 et

273 2388 478 2422 citationibus
489 2388 525 2419 in
544 2386 649 2419 causis
669 2386 892 2419 criminalibus
914 2388 1027 2419 liscum

274 2447 420 2475 nostrum
459 2440 703 2485 quomodolibet
740 2439 1028 2480 concernentilms,

275 2495 306 2528 in
323 2495 443 2540 quibus
454 2505 527 2528 reos
543 2493 708 2535 contigerit
727 2492 950 2533 ‹itomlttemmlri‚
970 2493 1029 2526 nisi

275 2549 366 2592 prius
390 2550 474 2583 facto
503 2546 619 2581 actuali
651 2546 796 2589 deposito
829 2556 1028 2589 poenarum,

312 2624 323 2648 t
344 2622 395 2649 Ista
411 2621 449 2650 Pii
467 2621 499 2651 lV
520 2618 675 2647 constitutio
694 2626 771 2649 wa,
790 2617 845 2643 Etsi
861 2622 969 2649 cuncta,
991 2622 1031 2645 est

277 2669 368 2696 supra,
385 2670 444 2698 pag.
466 2662 524 2690 186.

1703 251 1767 286 503

1055 315 1087 347 111
1104 314 1223 358 quibus
1238 324 1274 347 ex
1291 313 1408 346 delicto
1426 312 1651 356 delinquentes
1672 313 1741 356 ipsi,
1757 319 1812 346 aut

1055 368 1111 409 illi,
1135 369 1190 412 qui
1212 378 1270 412 pro
1291 367 1411 400 eisdem
1437 365 1680 405 fideiussissent,
1706 367 1753 399 vel
1775 378 1810 400 ex

1055 428 1222 456 contractu
1243 431 1375 465 quoquo
1394 419 1491 452 modo
1508 420 1746 453 condemnandi
1762 431 1811 453 ve-

1055 475 1181 516 nirent,
1209 481 1263 509 aut
1284 480 1417 508 eatenus
1437 473 1643 506 condemnati
1664 473 1809 514 fuissent,

1056 529 1221 572 contingat
1245 528 1333 572 quod
1361 526 1431 567 alii,
1457 527 1552 560 etiam
1573 527 1732 571 optimum
1764 528 1813 559 ius

1056 582 1209 624 foventes,
1222 583 1395 622 interdum,
1412 582 1453 614 ob
1463 580 1595 614 nimiam
1609 591 1722 614 eorum
1735 592 1814 625 pau-

1057 641 1227 678 pertatem,
1258 636 1389 669 modum
1406 635 1482 667 talia
1506 634 1651 679 deposita
1675 634 1812 667 faciendi

1057 700 1120 723 non
1143 691 1310 728 habentes,
1334 695 1361 722 ct
1383 689 1428 721 sic
1450 688 1575 721 secluso
1595 687 1652 728 eis,
1684 687 1724 720 ob
1749 698 1812 720 non

1058 743 1177 777 sactum
1199 744 1392 788 depositum,
1414 741 1558 775 remedio
1579 741 1813 785 appellationis

1058 807 1172 830 eorum
1198 798 1321 831 bonum
1342 797 1401 836 ius,
1422 795 1510 839 quod
1531 794 1745 839 praetendunt
1762 795 1815 828 de-

1058 851 1178 884 ducere
1194 851 1225 884 in
1247 850 1478 894 appellatione,
1500 854 1646 882 remanet
1668 849 1813 891 incognb.

1059 910 1127 937 tum
1149 911 1179 937 et
1199 904 1416 948 deperditum,
1439 908 1470 936 ct
1490 902 1677 946 praesertim
1708 904 1814 945 quoad

1060 958 1143 997 illos,
1168 958 1223 1001 qui
1244 969 1309 991 non
1330 963 1404 990 sunt
1425 957 1561 990 confessi
1588 956 1722 989 crimen.

1104 1012 1118 1054 ξ
1134 1011 1165 1043 2.
1188 1012 1251 1044 Nos
1271 1011 1381 1054 igitur,
1405 1021 1494 1043 more
1511 1010 1714 1054 piipastoris‚
1733 1020 1815 1053 prae-

1061 1064 1164 1097 missis
1184 1065 1335 1098 omnibus
1355 1064 1482 1097 obviare
1512 1064 1664 1102 volentes,
1695 1074 1734 1095 nc
1758 1075 1815 1107 ap-

1062 1119 1242 1161 pellationis
1275 1117 1455 1151 remedium
1476 1117 1610 1161 eiusque
1632 1117 1815 1160 prosecutio

1062 1172 1261 1216 pauperibus
1282 1171 1348 1205 tolli
1370 1171 1527 1210 rideatur,
1565 1176 1653 1203 motu
1670 1170 1765 1203 simili
1787 1175 1817 1203 et

1062 1236 1098 1258 ex
1115 1233 1202 1259 cerm
1224 1230 1333 1258 nostra
1354 1224 1498 1264 scientia,
1514 1224 1615 1257 dictas
1631 1223 1739 1256 literas
1756 1224 1816 1256 mi-

1062 1280 1198 1322 tigantes
1219 1286 1249 1313 et
1275 1280 1504 1317 reformantes,
1537 1283 1647 1310 tenore
1666 1287 1817 1321 praesen-

1065 1333 1143 1365 tium
1156 1334 1337 1372 statuimus,
1354 1332 1562 1365 decernimus
1577 1336 1605 1363 et
1618 1330 1817 1371 ordinamus,

1063 1397 1099 1419 ac
1135 1393 1293 1430 perpetuo
1317 1385 1479 1419 observari
1512 1384 1703 1417 mandamus
1732 1384 1818 1426 quod

1066 1440 1094 1472 in
1118 1440 1276 1472 similibus
1297 1439 1403 1472 causis
1428 1438 1593 1471 fiscalibus
1614 1443 1644 1470 et
1664 1437 1747 1477 aliis,
1779 1437 1819 1470 de

1064 1493 1182 1536 quibus
1208 1494 1239 1525 in
1268 1493 1369 1526 literis
1394 1498 1424 1524 ct
1445 1497 1533 1525 motu
1555 1490 1688 1535 proprio
1709 1491 1819 1524 huius-

1066 1548 1149 1579 modi
1182 1547 1213 1579 lit
1236 1547 1370 1586 mentio,
1402 1557 1514 1580 omnes
1535 1551 1565 1578 et
1587 1545 1733 1587 singulae
1762 1556 1818 1589 ap-

1066 1601 1268 1643 pellationes,
1292 1612 1329 1633 ac
1349 1610 1577 1643 quaecumque
1598 1599 1738 1643 desuper
1762 1608 1820 1642 pro

1065 1660 1211 1699 tempore
1246 1659 1468 1698 praesentatae
1502 1664 1539 1686 ac
1566 1653 1821 1696 praesentandae

1066 1708 1310 1742 commissiones
1334 1718 1392 1751 per
1425 1707 1546 1740 dictum
1588 1706 1818 1746 Alexandrum,

1066 1762 1260 1795 modernum
1294 1768 1324 1794 et
1357 1772 1416 1805 pro
1450 1767 1597 1805 ternpore
1633 1760 1821 1793 existentem

1065 1815 1179 1848 Curiae
1215 1826 1387 1849 causarum
1428 1814 1581 1848 Gamerae
1620 1813 1822 1856 Apostolicae

1066 1870 1260 1909 auditorem,
1282 1875 1449 1912 tamquam
1470 1867 1610 1900 iudicem
1633 1867 1744 1900 talium
1765 1877 1822 1910 ap-

1068 1923 1298 1966 ptzellationum,
1334 1932 1462 1955 necnon
1493 1932 1551 1964 per
1581 1931 1823 1964 quemcumque

1067 1977 1166 2009 alium
1192 1976 1332 2009 iudicem
1353 1974 1542 2008 huiusmodi
1564 1973 1823 2007 iurisdictionem

1067 2030 1254 2069 habentem,
1284 2029 1454 2062 admittant
1478 2039 1515 2060 ac
1536 2027 1690 2071 recipiant
1714 2032 1744 2059 ct
1768 2027 1824 2059 ad-

1068 2083 1148 2116 mitti
1171 2094 1206 2115 ac
1227 2082 1328 2126 recipi
1349 2082 1449 2114 libere
1471 2086 1501 2114 et
1516 2081 1601 2114 licite
1618 2080 1824 2126 possint,·va-

1068 2137 1155 2169 leant
1174 2147 1210 2169 ac
1228 2136 1377 2176 debeant,
1395 2135 1590 2177 illa1·um‹;1ue
1611 2134 1717 2176 vigore
1732 2144 1826 2177 quas-

1070 2200 1210 2233 cumque
1230 2189 1453 2228 inhibitiones,
1482 2188 1651 2221 citationes
1677 2198 1733 2220 seu
1756 2198 1825 2219 mo-

1070 2242 1187 2275 nitoria
1224 2242 1420 2276 decernendi
1460 2248 1490 2274 ct
1519 2241 1580 2274 alia
1618 2240 1755 2274 faciendi
1795 2240 1827 2273 in

1072 2296 1255 2339 praemissis
1293 2296 1493 2335 necessaria,
1530 2294 1650 2327 eisdem
1687 2294 1825 2327 auditori

1070 2355 1181 2383 nostro
1203 2356 1231 2383 et
1253 2351 1415 2382 iudicibus
1435 2349 1596 2392 praefatis,
1624 2348 1663 2380 ad
1684 2348 1714 2380 id
1736 2347 1826 2380 iuris-

1071 2403 1244 2436 dictionem
1266 2403 1473 2443 habentibus,
1509 2401 1735 2435 auctoritatem
1771 2401 1828 2433 da-

1072 2468 1156 2495 mus,
1187 2467 1224 2490 ac
1244 2456 1409 2490 licentiam
1431 2455 1648 2499 impartimur,
1679 2455 1830 2498 praestita

1073 2512 1180 2539 tamen
1200 2507 1291 2550 prius
1315 2506 1464 2539 cautione
1488 2504 1604 2537 idonea
1625 2515 1683 2548 per
1704 2508 1828 2547 partem

1073 2567 1129 2588 seu
1151 2561 1257 2600 partes
1284 2555 1497 2599 appellantes,
1527 2564 1592 2587 non
1623 2558 1729 2587 tamen
1751 2562 1829 2586 con-

1074 2605 1184 2644 fessos,
1208 2604 1240 2637 in
1271 2605 1373 2637 forma
1402 2602 1554 2648 depositi,
1592 2613 1650 2646 pro
1672 2612 1775 2646 poena
1796 2601 1829 2633 in

1074 2664 1137 2697 qua
1164 2653 1398 2688 condemnatus
1427 2652 1544 2693 extitit,
1570 2657 1599 2685 et
1630 2661 1688 2686 seu
1717 2660 1830 2693 respe-

1827 258 1876 285 Αη.
1894 260 1923 286 C.
1944 258 2012 287 ¹566

1885 1027 1922 1047 llic
1946 1029 2017 1047 autem

1831 1058 1929 1079 Pontifex
1939 1063 2016 1078 couce-

1832 1091 1862 1111 dit
1893 1088 2017 1116 appellatio-

1832 1127 1887 1145 nem,
1907 1121 1956 1140 data
1970 1125 2017 1139 cau-

1832 1153 1889 1172 tione
1901 1168 1906 1176 ,
1928 1154 1949 1170 ut
1965 1150 1998 1171 hb:
2010 1167 2015 1174 ‚

1833 1186 1936 1210 quatenus
1965 1187 2016 1202 nou«

1832 1214 1872 1234 nisi
1897 1213 1956 1233 dives
1984 1218 2017 1237 ap-

1833 1244 1915 1271 peltana
