2237 3100
87 273 139 303 An.
155 273 185 302 C.
202 272 273 301 ¹5⁷0

288 323 553 358 universitatibus
571 350 578 364 ,
601 322 746 366 collegiis
773 328 830 356 aut
853 322 1044 357 universali-

287 373 348 406 bus
373 372 617 406 successoribus
631 399 638 413 ,
673 382 754 415 qnos
791 371 964 405 verisimile
999 377 1045 404 est

289 427 409 455 certam
430 432 540 454 rernm
562 420 708 454 notitiam
730 431 794 453 non
815 421 947 461 habere,
968 426 1044 453 tunc

289 471 427 511 etenim,
454 471 514 504 hac
546 471 615 514 ipsa
646 480 861 513 personarum
892 469 1045 513 qualitate

290 530 449 564 expressa,
466 520 508 552 ita
526 520 658 553 demum
677 518 748 552 sieri
763 518 882 561 poterit
896 518 1045 561 quaedam

289 569 322 602 in
346 579 464 612 genere
485 568 662 610 designatio
681 578 805 607 rerum,
827 567 852 600 si
868 566 1046 610 designatio

290 629 396 661 neque
426 617 523 650 nimis
542 628 621 660 vaga
649 622 681 649 et
702 616 827 649 incerta
850 621 946 660 atque
966 616 1047 648 adeo

291 666 506 700 inverisimilis
521 667 570 706 sit,
587 671 617 699 et
636 670 743 698 tamen
760 665 907 698 ostendat
927 675 978 697 res
997 664 1047 708 ip-

289 726 340 748 sas
360 715 404 757 (id
424 714 512 758 quod
532 714 698 758 praecipue
719 714 751 746 in
776 713 927 747 omnibus
948 718 1049 745 atten-

290 764 433 797 dendum
463 764 523 807 est)
556 763 690 796 minime
718 764 867 805 vulgares
896 762 1045 795 existere.

334 813 349 856 ξ,
367 812 399 846 3.
428 812 679 846 Committantur
698 818 805 845 autem
827 812 978 855 episcopo
995 822 1048 844 or-

290 861 415 895 dinario
434 861 498 895 loci
518 862 566 895 vel
587 862 657 895 eius
680 860 799 894 vicario
821 861 853 893 in
871 859 1048 904 spirituali-

289 911 350 944 bus
377 911 541 954 generali,
567 911 627 944 sub
647 911 708 944 hac
734 911 837 943 forma
861 909 1046 949 verborum,

289 969 362 1003 quae
387 965 484 992 estex
509 958 646 992 concilio
662 958 864 999 Tridentino,
891 958 1046 991 videlicet:

289 1006 323 1041 Si
342 1019 440 1041 causa
463 1009 636 1052 diligenter
656 1014 686 1041 et
715 1018 831 1050 magna
864 1007 1049 1040 maturitate

290 1068 348 1101 per
368 1057 475 1100 ipsum
500 1056 690 1097 examinata,
715 1067 776 1100 pro
801 1056 859 1096 rei,
882 1055 955 1096 loci,
971 1061 1050 1089 tem-

291 1106 379 1150 poris
394 1112 424 1139 et
439 1117 587 1150 personae
603 1106 823 1149 qualitatibus,
841 1105 900 1138 sibi
916 1116 975 1150 pro
993 1116 1051 1139 sua

292 1155 489 1189 conscientia
508 1155 671 1189 videbitur
699 1155 864 1198 expedire.

94 1202 277 1256 rifflffiJ⁰¹⁰m¹⁹
336 1205 351 1247 ξ
370 1204 402 1237 4.
424 1205 640 1238 Decernentes
660 1204 790 1237 irritum
810 1207 868 1236 ctc.

336 1253 455 1286 Placet.
476 1253 665 1286 Publicetur
684 1258 715 1286 et
739 1252 952 1285 describatur.
982 1252 1020 1285 M.

336 1302 431 1335 Lecta
451 1308 482 1335 et
502 1302 666 1346 publicata
685 1300 745 1334 suit
765 1300 986 1345 suprascripta
1003 1312 1052 1334 re-

292 1351 369 1395 gula
400 1352 511 1385 Roma]
540 1352 574 1384 in
606 1350 805 1385 Cancellaria
838 1350 1023 1394 Apostolica
1041 1379 1048 1391 ,

293 1412 379 1435 anno
412 1400 646 1434 lncarnationis
675 1399 846 1432 dominicae
874 1399 973 1439 1570,
1000 1400 1051 1433 die

293 1462 368 1485 vero
385 1451 507 1491 martis,
524 1460 607 1483 xxvn
639 1448 757 1482 mensis
788 1448 887 1489 iunii,
923 1449 1052 1492 pontisi-

295 1508 385 1535 catus
409 1500 577 1545 praelibati
611 1498 802 1532 sanctissimi
828 1498 863 1530 D.
886 1497 923 1530 N.
946 1498 981 1531 D.
1005 1498 1050 1531 Pii

295 1551 400 1586 divina
419 1548 621 1594 providentia
639 1548 745 1591 Papae
760 1547 784 1579 V
808 1556 893 1579 anno
918 1556 948 1578 v.

573 1597 618 1630 Io.
645 1595 855 1635 Lometlinus,
884 1599 1004 1628 custos.

383 1646 469 1678 Puhl.
488 1647 534 1677 die
550 1646 587 1677 ⁶27
604 1645 691 1683 iunii,
711 1644 816 1684 pontif.
837 1652 914 1673 anno
933 1651 961 1673 v.

116 864 213 886 Mandata
226 870 275 892 1113·-

91 897 147 917 dicta
167 896 274 922 episcopis

91 931 127 948 aut
138 933 210 948 corun·
221 927 275 947 vica-

91 957 129 979 rii·
144 959 276 979 committan-

91 991 124 1010 tur
148 989 186 1010 sub
207 989 275 1010 forma

91 1022 177 1042 concilii
188 1022 276 1043 Triden-

92 1052 138 1077 tini,
156 1059 210 1074 sess.
227 1060 274 1079 nv,

92 1091 139 1112 cup.
156 1092 190 1106 111.

610 1742 721 1777 Cva.

295 1805 449 1840 Declarat
466 1803 641 1847 prt'vz'leqia
662 1806 691 1835 et
716 1812 802 1834 016111
805 1801 933 1844 ptiones
959 1799 1054 1833 Ordi-

340 1864 421 1888 num
428 1853 464 1886 M
464 1852 690 1886 emicantium*
702 1852 778 1884 aliis
789 1850 1054 1884 Ordinibnscom-

340 1903 523 1941 manicata,
536 1901 586 1934 lais
597 1911 663 1934 non
678 1900 856 1942 snslruyare
873 1900 962 1932 iniis
976 1910 1055 1942 quae

343 1951 617 1995 temporalitatem
636 1949 813 1992 respiciunt
836 1948 861 1980 ¹.

341 2014 403 2043 Pius
417 2014 488 2049 Papa
502 2013 533 2046 V.
553 2012 588 2040 ad
601 2012 766 2047 perpetuam
780 2011 822 2039 rei
837 2010 1008 2039 memoriam.

340 2067 478 2101 Romani
497 2065 663 2100 Pontificis
691 2076 794 2108 acqua
811 2070 841 2097 et.
858 2064 1057 2108 circumspe-

297 2122 349 2151 cta
366 2115 579 2160 providentia,
597 2125 638 2148 ne
653 2114 774 2157 gratiae
790 2114 944 2146 aliorsum
961 2118 1057 2156 atque

296 2167 337 2200 ab
357 2175 395 2198 eo
416 2170 584 2198 emanatae
605 2170 680 2197 sunt
698 2163 880 2202 trahantur,
910 2163 1057 2195 declara-

297 2215 440 2249 tionibus
460 2219 491 2247 et
506 2214 577 2246 aliis
593 2213 787 2257 opportunis
804 2211 971 2245 consuevit
985 2222 1059 2254 pro-

297 2264 407 2298 videre
428 2263 593 2296 remediis.

125 2340 286 2363 mammot-
344 2314 359 2357 ἓ
379 2313 411 2346 ’1.
444 2312 540 2351 Sane,
574 2311 650 2344 licet
683 2311 761 2343 alias
786 2320 857 2350 nos,
890 2309 1059 2354 cupientes

100 2355 551 2396 ‹tinum-'Mendi-Mendicantium
577 2359 731 2399 Ordines,
761 2359 816 2402 qui
846 2359 996 2391 sedulum
1027 2359 1059 2391 in

99 2404 288 2457 ζζῗζῗζοζζζζ,
299 2410 393 2444 vinea
416 2409 543 2443 Domini
574 2408 726 2442 exhibent
754 2408 958 2447 famulatum,
990 2418 1060 2450 gra-

103 2470 161 2488 ·erat
172 2467 288 2493 memmio·
300 2462 382 2496 tiose
392 2461 499 2493 favore
509 2458 675 2502 prosequi,
693 2468 730 2490 ac
742 2468 778 2490 ex
795 2457 891 2489 certis
906 2456 1060 2490 aliisinde

102 2502 288 2526 ¹¹⁸⁵’q“³⁸⁰⁰‘⁸'⁵
303 2509 461 2555 expressis
482 2508 599 2547 causis,
622 2507 747 2539 diversa
772 2505 901 2539 concilii
926 2506 1060 2539 Triden-

124 2127 243 2149 onrdium.

104 2529 150 2550 attis
172 2530 288 2551 Ordinibus

104 2563 166 2588 *tque
183 2561 288 2582 ⁵¹¹⁵¹³¹⁰¹⁵⁵
302 2559 362 2593 tini
382 2560 523 2597 decreta,
546 2555 719 2600 quaeipsis
734 2554 896 2588 contraria
908 2554 1061 2588 videban-

105 2596 226 2613 eommunes
237 2593 290 2614 red-
670 2605 675 2610 .
841 2607 845 2610 .
1009 2604 1015 2609 .
1040 2603 1045 2609 .

106 2622 194 2644 didoni.
303 2613 357 2642 tur
376 2618 458 2648 esse,
480 2606 764 2640 declaraverimus:
782 2614 935 2648 variaque
966 2615 1062 2648 111111-

341 2667 352 2696 1
375 2666 414 2694 Ex
431 2666 537 2700 Regest.
559 2665 585 2692 in
605 2664 707 2692 Secret.
728 2663 865 2691 Brevium.

972 270 1041 295 PIUS
1064 269 1084 294 V
1107 271 1154 295 PP.

1731 256 1793 292 837

1086 322 1169 366 legia
1203 326 1233 355 ct
1265 320 1402 361 indulta,
1435 325 1500 353 tam
1530 319 1712 363 spiritualia
1742 330 1840 363 quam

1087 371 1290 416 temporalia,
1318 369 1594 408 concesserimus3
1623 368 1739 401 deinde
1766 379 1840 401 vero

1087 422 1141 454 illa
1161 421 1270 454 omnia
1289 420 1329 453 ad
1349 419 1483 453 dilectos
1504 418 1587 451 filios
1608 417 1842 451 canonicosre-

1088 470 1216 512 ί31113105
1249 468 1377 502 Ordinis
1405 468 1436 501 S.
1468 466 1638 510 Augustini
1663 477 1840 509 congrega-

1088 519 1183 552 tionis
1203 517 1437 557 LaterancnsiS,
1456 527 1494 549 ac
1523 516 1555 549 S.
1587 514 1699 549 Crucis
1727 515 1843 548 Colim-

1088 567 1237 608 bricnsis,
1255 578 1292 600 ac
1313 567 1408 600 etiam
1429 565 1607 598 monachos
1626 564 1657 598 S.
1677 563 1842 597 Benedicti

1090 616 1349 659 congregationis
1381 621 1413 648 ct
1445 614 1602 648 Ordinum
1633 612 1842 653 Cassinensis,

1090 665 1203 698 Montis
1227 665 1350 704 Olivefi,
1377 664 1473 697 Vallis
1498 663 1689 702 Umbrosae,
1716 672 1844 695 necnon

1091 714 1351 756 congregationis
1360 712 1580 747 Cisterciensis
1595 717 1625 744 et
1639 711 1845 745 Chartusien-

1091 762 1144 803 sis,
1166 774 1203 795 ac
1219 764 1250 796 S.
1274 763 1459 807 Hieronymi
1478 761 1718 805 Hispaniarum,
1736 766 1767 794 et
1787 760 1845 794 Ca-

1091 811 1312 851 maldulensis,
1325 822 1361 844 ac
1373 811 1508 843 fratrum
1522 809 1649 842 Militiae
1666 809 1737 841 Iesu
1757 808 1847 841 Chri-

1091 859 1141 899 sti,
1164 860 1712 902 Resormatorumnuncupatorum,
1736 863 1766 890 et
1785 858 1847 891 sor-

1092 908 1679 942 531]3110501111110511011110111110311165
1689 913 1848 951 perpetuo

1092 958 1331 991 extenderimus
1344 964 1372 990 ct
1385 957 1659 1001 ampliavernnus.
1678 956 1722 988 Ita
1741 962 1848 990 tamen

1093 1013 1127 1039 nt
1148 1007 1208 1051 ipsi
1229 1019 1246 1040 a
1275 1007 1526 1046 contributione,
1557 1005 1680 1038 ratione
1709 1006 1849 1038 semina-

1093 1056 1217 1088 riorum
1238 1067 1421 1100 pauperum
1443 1055 1638 1088 clericorum
1654 1054 1741 1086 iuxta
1764 1055 1849 1088 ordi-

1092 1115 1165 1138 nem
1185 1105 1315 1138 concilii
1346 1104 1524 1137 Tridentini
1558 1103 1787 1145 erigendorum
1819 1110 1851 1137 et

1093 1154 1369 1187 instituendorum
1385 1180 1392 1194 ‚
1427 1164 1487 1185 nec
1528 1163 1593 1185 non
1629 1152 1849 1185 subsidiorum

1093 1205 1270 1248 apostolica
1305 1202 1495 1236 auctoritate
1527 1201 1754 1244 impositorum
1767 1227 1774 1241 ,
1813 1212 1850 1234 ac

1093 1253 1339 1297 quaestuatione
1364 1253 1643 1295 elecmosynarum
1669 1250 1846 1291 dumtaxat,

1093 1302 1226 1335 minime
1238 1302 1363 1346 excepti
1371 1305 1587 1343 essent‚prout
1595 1299 1627 1331 in
1634 1298 1765 1332 diversis
1775 1310 1850 1343 apo-

1093 1351 1215 1384 stolicis
1235 1351 1349 1384 litteris
1368 1349 1501 1389 iteratis,
1525 1354 1555 1381 et
1579 1348 1686 1380 forsan
1702 1348 1851 1391 pluribus

1092 1400 1227 1440 vicibus,
1241 1400 1377 1433 0113111111
1390 1398 1592 1437 fundatione,
1611 1397 1706 1430 etiam
1724 1398 1851 1434 clericis

1094 1450 1262 1483 Societatis
1277 1450 1316 1482 de
1340 1449 1424 1489 Iesu,
1450 1452 1484 1480 ut
1504 1446 1656 1479 omnibus
1676 1446 1852 1491 privilegiis

1093 1499 1350 1532 Mendicantibus
1374 1497 1537 1530 concessis
1575 1501 1603 1529 et
1634 1496 1852 1531 concedendis

1093 1549 1265 1591 gaudeant,
1284 1546 1457 1587 concessis,
1484 1555 1622 1588 quarum
1648 1550 1788 1586 tenores,
1816 1558 1853 1580 ac

1094 1598 1118 1630 si
1140 1597 1177 1630 de
1197 1597 1295 1630 verbo
1308 1597 1348 1629 ad
1363 1595 1498 1629 verbum
1519 1594 1629 1627 inserti
1642 1594 1746 1626 forent
1759 1605 1852 1638 prae-

1094 1647 1249 1687 sentibus,
1286 1645 1398 1679 haberi
1424 1645 1575 1677 volumus
1600 1653 1658 1686 pro
1683 1644 1851 1686 expressis,

1095 1695 1133 1728 de
1165 1696 1263 1728 verbo
1297 1696 1337 1727 ad
1376 1694 1510 1727 verbum
1542 1691 1669 1725 insertis
1686 1718 1693 1732 ,
1727 1692 1855 1736 plenius

1095 1744 1292 1778 continetur.

1140 1794 1154 1836 ἓ
1176 1793 1207 1826 9..
1230 1793 1438 1826 Attendentes
1457 1792 1670 1825 nihilominus
1684 1817 1691 1831 ,
1721 1796 1784 1823 tam
1815 1802 1852 1824 ex

1097 1842 1394 1876 communicatione
1415 1846 1445 1874 ct
1461 1841 1669 1874 concessione
1686 1840 1853 1873 huiusmo-

1097 1891 1148 1931 di,
1171 1891 1320 1924 locorum
1341 1889 1526 1929 ordinariis,
1546 1888 1782 1932 parochialium
1803 1900 1854 1922 ec-

1098 1940 1270 1973 clesiarum
1296 1939 1480 1972 rectoribus
1500 1938 1635 1981 aliisque
1656 1937 1855 1970 beneficiatis

1098 1995 1127 2022 et
1149 1990 1296 2033 personis
1316 1989 1441 2021 diversa
1461 1986 1572 2019 inferri
1590 1985 1800 2030 praeiudicia,
1819 1997 1856 2019 ac

1098 2043 1271 2082 propterea
1303 2036 1491 2070 intentionis
1520 2040 1647 2068 nostrae
1676 2045 1855 2078 numquam

1100 2087 1237 2119 extitisse
1262 2097 1321 2119 nec
1342 2096 1411 2118 esse
1431 2090 1570 2128 quatuor
1595 2083 1751 2117 Ordinum
1772 2084 1857 2116 Men-

1100 2136 1276 2169 dicantium
1290 2135 1469 2180 privilegia,
1488 2144 1570 2177 quae
1587 2133 1857 2176 temporalitatem

1101 2191 1317 2225 concernunt,
1332 2195 1377 2217 015
1398 2192 1655 2221 00111111111110316,
1677 2192 1738 2214 1100
1748 2192 1857 2224 vigore

1101 2233 1344 2277 privilegiorum
1386 2231 1574 2266 eorumdem
1619 2230 1859 2264 communicata

1102 2294 1182 2323 esse,
1206 2294 1280 2316 cum
1291 2282 1468 2315 absurdum
1482 2280 1520 2312 sit
1530 2290 1595 2319 eos,
1609 2279 1664 2322 qui
1677 2279 1860 2312 Mendican-

1102 2337 1148 2364 tes
1169 2342 1205 2364 ex
1233 2337 1374 2374 quatuor
1393 2330 1568 2363 Ordinibus
1597 2338 1662 2360 non
1688 2333 1774 2368 sunt,
1799 2328 1859 2361 sub

1102 2381 1351 2414 Illendicantium
1372 2378 1561 2412 huiusmodi
1573 2378 1682 2410 colore
1695 2388 1713 2410 a
1724 2377 1859 2410 solutio-

1103 2431 1198 2463 nibus
1215 2429 1322 2468 eximi;
1342 2440 1378 2461 ac
1397 2433 1580 2471 propterea,
1598 2431 1662 2458 tarn
1676 2426 1860 2469 praemissis

1104 2486 1233 2518 eaquae
1251 2473 1396 2507 convenit
1415 2471 1559 2505 remedia
1575 2470 1742 2511 adhibere,
1761 2482 1859 2514 quam

1104 2525 1244 2552 mentem
1254 2524 1394 2550 nostram
1409 2517 1574 2549 declarare
1585 2520 1774 2558 satagentes,
1786 2526 1861 2548 ncc-

1104 2575 1169 2597 non
1181 2564 1341 2596 dictarum
1358 2562 1539 2594 litterarum
1560 2564 1687 2593 tenores
1707 2570 1859 2603 praescn-

1105 2608 1189 2642 tibns
1205 2618 1263 2651 pro
1284 2605 1441 2650 expressis
1461 2605 1627 2638 habentes.

1149 2653 1164 2696 5
1179 2652 1211 2686 3.
1234 2652 1318 2685 Motu
1332 2650 1464 2695 proprio
1480 2660 1516 2682 ac
1534 2649 1573 2682 de
1590 2647 1786 2693 apostolicae
1802 2657 1859 2692 po-

1856 266 1909 296 An.
1924 265 1954 295 C.
1969 265 2039 295 (1570

1892 1811 1933 1832 Sed
1953 1816 1999 1831 cum
2015 1810 2054 1830 hu-

1868 1842 2055 1863 tusmodicommu-

1868 1875 1997 1894 nicationem
2016 1877 2055 1892 cc-

1869 1905 1942 1926 elesiis
1970 1909 2055 1924 63111111-

1870 1942 1910 1964 que
1935 1935 2054 1957 rectoribus

1870 1974 1953 1988 nou-'lm
1968 1972 2017 1987 8¹58
2029 1972 2052 1985 ίΙ-

1871 1999 2042 2022 nimadverterit,
