2237 3100
527 257 590 291 ⁶200

484 324 547 352 tam
573 319 612 352 ab
637 319 704 363 ipsa
724 319 820 353 Sacra
847 319 1106 357 Poenitentiaria‚
1133 330 1230 362 quam

484 373 543 406 sub
564 373 697 418 plumbo
717 379 748 406 et
767 373 799 405 in
820 374 920 406 sorma
937 373 1040 405 brevis
1060 384 1077 405 a
1098 372 1190 405 nobis
1201 378 1227 405 et

484 427 563 460 Sede
589 426 769 470 Apostolica
801 426 1041 469 quomodolibet
1076 427 1230 459 cinanatis

482 486 512 514 et
532 481 564 513 in
590 481 733 513 futurum
751 481 857 513 forsan
877 480 1080 520 emanandisf.
1103 492 1229 514 necnon

481 535 631 568 omnibus
650 534 723 572 illis,
746 546 828 578 quac
849 534 880 566 in
901 534 1107 578 praeinsertis
1131 535 1231 568 literis

481 588 667 621 huiusmodi
682 587 843 620 voluimus
863 598 925 620 non
942 588 1080 628 obstare,
1103 589 1230 622 ceteris-

481 652 543 684 que
569 640 736 673 contrariis
757 641 1028 685 quibuscumque.

524 695 637 727 Datum
662 695 781 727 Romae
808 696 893 738 apud
914 695 1066 729 Sanctum
1089 697 1227 737 Petrum,

481 748 539 780 sub
560 749 679 781 annulo
691 748 871 789 Piscatoris,
885 749 935 783 die
950 749 1100 793 vigesima
1121 756 1229 784 octava

482 801 574 842 iunii,
589 802 759 835 millesimo
770 803 1027 847 quingentesimo
1035 804 1230 847 sexagesimo

483 855 586 896 tertiO,
609 856 814 900 pontificatus
834 857 934 890 nostri
954 868 1039 891 anno
1056 864 1182 901 quarto.

283 268 331 293 An.
351 266 377 292 C.
402 267 468 295 ¹862

800 1055 912 1087 LXVll.

485 1130 686 1172 Reformatio
701 1131 796 1174 officii
815 1133 1000 1164 correcwris
1013 1132 1233 1166 Cancellttriae

524 1184 724 1227 Apostolicae
743 1189 771 1217 el
792 1185 962 1218 literarum
982 1187 1119 1219 minoris
1138 1188 1232 1220 iusti-

528 1238 604 1277 liae,
627 1238 903 1271 contradictarum
924 1245 1195 1283 nttncnpatarttm.

562 1317 623 1346 Pius
647 1318 789 1354 episcopus
812 1326 905 1348 servus
924 1327 1064 1349 servorum
1086 1322 1141 1355 Dei,

617 1368 651 1396 ad
678 1369 840 1403 perpetuam
863 1369 904 1397 rei
931 1371 1099 1399 memoriam.

527 1440 669 1474 Universi
703 1441 808 1484 gregis
828 1442 980 1475 dominici
1011 1454 1122 1477 curam
1143 1445 1235 1478 nobis

309 1504 426 1526 Exordium.

484 1548 610 1581 storalis
622 1548 720 1582 officii
732 1549 850 1589 debito,
864 1550 968 1583 divina
980 1551 1103 1585 favente
1120 1553 1232 1595 gratia,

483 1601 653 1646 diligenter
664 1608 694 1636 et
705 1603 877 1637 salubriter
888 1615 1037 1638 exercere
1054 1607 1231 1650 cupientes,

482 1655 521 1688 ad
538 1666 574 1688 ea
590 1656 803 1700 potissimum,
820 1668 878 1701 pro
894 1659 1151 1693 christifidelium
1168 1661 1236 1694 ani-
1255 1668 1256 1685 Ξ

483 1720 609 1743 marum
625 1711 738 1752 salute,
756 1718 884 1745 nostrae
904 1712 1073 1756 dirigimus
1090 1715 1233 1748 conside-

482 1764 614 1798 rationis
634 1764 800 1806 intuitum,
823 1777 880 1809 per
899 1777 982 1810 quae
1003 1767 1082 1800 iuris
1103 1769 1233 1802 etiusti-
1255 1793 1257 1801 ,

483 1817 559 1852 stiae
580 1820 686 1852 cultus
705 1831 723 1853 a
742 1821 858 1853 nostris
878 1827 908 1854 et
928 1821 1017 1854 Sedis
1032 1822 1234 1865 Apostolicae
1256 1841 1257 1850 κ

482 1871 674 1906 officialibus
703 1880 846 1908 servetur
874 1881 905 1908 et
933 1875 1157 1910 inviolabiliter
1182 1888 1236 1910 cu-

483 1927 650 1960 stodiatur.

526 1981 541 2024 ξ
560 1981 591 2014 1.
615 1982 697 2015 Sane
708 1993 781 2015 cum
802 1993 872 2023 nos,
895 1993 960 2015 una
981 1994 1053 2016 curn
1070 1985 1235 2017 venerabi-

311 2042 389 2079 causaq
407 2043 467 2078 hym>
482 2034 566 2068 libus
577 2036 729 2069 fratribus
739 2036 896 2070 nostrisS.
911 2037 947 2070 R.
959 2037 992 2070 E.
1008 2037 1234 2079 cardinalibus,

284 2074 448 2100 ¹⁶¹⁰f⁰²³¹¹⁰¹¹¹⁵³
484 2089 687 2133 singulorum
707 2090 870 2123 Romanae
887 2090 1002 2124 Curiae
1023 2091 1233 2125 tribunalium

483 2149 513 2176 et
540 2143 721 2177 officiorum
748 2144 940 2177 correctioni
970 2150 999 2177 et
1019 2146 1234 2179 emendationi

483 2198 599 2240 iugiter
619 2198 831 2239 intendentes,
859 2198 943 2232 inter
963 2204 1080 2239 cetera,
1108 2199 1147 2232 ad
1167 2200 1236 2232 offi-

483 2251 569 2285 cium
590 2252 782 2286 correctoris
801 2252 1018 2286 Cancellariae
1034 2253 1235 2297 Apostolicae

483 2316 520 2339 ac
540 2306 708 2340 literarum
735 2306 872 2340 iustitiae
893 2306 1165 2340 contradictarum
1186 2319 1237 2341 re-

484 2360 704 2404 spexerimus,
737 2360 1019 2403 animadvertimus
1043 2360 1137 2394 ctiam
1167 2362 1237 2395 offi-

486 2413 572 2447 cium
592 2413 710 2458 ipsum,
733 2414 820 2457 quod
839 2414 1099 2457 antiquissimum
1119 2415 1233 2456 existit,

485 2469 516 2495 et
535 2473 593 2507 per
617 2463 704 2506 quod
721 2463 843 2513 ‘literae
871 2463 1065 2507 apostolicae
1099 2464 1236 2498 iustitiae

485 2511 544 2544 sub
575 2511 705 2545 nomine
738 2512 873 2545 Romani
902 2511 1065 2545 Pontificis
1106 2523 1142 2545 ac
1178 2513 1236 2545 sub

486 2561 620 2604 plumbo
632 2561 857 2605 expediuntur,
871 2572 929 2605 pro
941 2561 1146 2605 superiorum
1159 2567 1237 2595 tem-

487 2619 604 2654 porum
626 2609 764 2649 licentia,
783 2610 947 2654 antiquam
973 2610 1176 2655 disciplinam
1201 2622 1237 2644 ac

486 2658 661 2703 puritatem
685 2659 717 2692 in
729 2659 895 2693 literarum
910 2659 1096 2693 huiusmodi
1112 2660 1238 2705 expedi-

1078 266 1256 291 BULLARIUM
1279 266 1430 292 ROMANUM

485 1493 589 1527 divina
614 1494 822 1538 dispositione
848 1496 1064 1536 commissam,
1092 1509 1150 1542 pro
1178 1510 1257 1542 pa—¹

2040 270 2090 296 An.
2107 269 2136 296 c.
2154 269 2231 309 ¹⁵⁶¹...

1274 319 1357 353 tione
1369 320 1380 347 ‘l
1396 325 1426 352 et
1438 320 1674 361 emendatione,
1688 327 1799 354 vocato
1812 327 1842 353 et
1853 321 1962 355 audito
1978 322 2025 355 di-

1273 373 1355 405 lecto
1368 372 1433 405 filio
1454 373 1604 417 magistro
1625 374 1724 407 Paulo
1744 374 1929 415 Odescaleo,
1947 375 2024 409 Can-

1273 426 1421 459 eellariae
1442 432 1472 460 et
1491 427 1658 460 literarum
1669 427 1855 461 huiusmodi
1867 429 2023 463 moderno

1273 485 1468 521 correctore,
1483 485 1573 513 motu
1589 481 1720 524 proprio
1733 486 1760 514 et
1772 492 1809 514 ex
1820 487 1906 515 certa
1922 481 2025 515 scien-

1274 533 1327 570 tia,
1348 533 1385 565 tle
1407 533 1596 566 eorumdem
1613 534 1747 566 fratrum
1764 534 1897 567 consilio
1923 540 1953 568 et
1973 545 2023 568 as-

1272 597 1379 627 sensu,
1402 587 1572 620 statuimus
1592 592 1622 620 ct
1641 587 1840 621 ordinamus.

1316 641 1331 684 ξ
1360 640 1391 674 02.
1414 640 1504 679 Quod
1534 640 1685 684 deinceps
1712 642 1878 685 perpetuis
1907 642 2024 676 futuris
2051 660 2233 688 s„90„0„,0‹1;-=

1272 694 1471 737 temporibus
1491 693 1595 727 dictus
1611 694 1729 727 Paulus
1747 706 1783 727 ac
1795 682 1858 739 'pro
1878 700 2023 740 tempore
2037 693 2223 750 ζζοᾏίῗύζᾚζξζ

1273 748 1409 780 existens
1428 754 1604 787 corrector,
1627 759 1751 781 necnon
1777 748 1945 782 literarum
1969 761 2022 784 ea·
2037 753 2071 774 νεὶ
2086 755 2132 775 ⁸³⁰⁵
2150 755 2222 790 εξευξι-

1273 803 1420 835 ruindein
1441 808 1669 846 procuratores
1689 802 1720 835 in
1732 803 1848 843 causis,
1863 802 1894 835 in
1906 803 2025 847 quibus
2038 788 2085 806 um
2102 788 2220 813 ‘emm'

1275 856 1427 899 rescripta
1456 867 1473 889 a
1503 856 1594 888 nobis
1613 856 1660 888 vel
1689 867 1705 889 a
1735 856 1897 899 signatura
1917 863 2026 891 nostra

1275 910 1411 942 iustitiae
1432 921 1490 953 pro
1511 915 1655 953 tempore
1676 920 1825 943 emanare
1842 910 2023 954 contigerit,

1274 963 1307 995 in
1335 964 1446 996 eadem
1472 963 1620 996 instantia
1650 974 1681 996 se
1711 964 1895 997 nullatenus
1923 965 2025 998 intro-

1275 1017 1411 1050 mittant.
1443 1018 1568 1051 Possint
1597 1023 1704 1051 tamen
1738 1029 1851 1052 causas
1885 1019 2026 1063 appella-

1276 1070 1398 1103 tionum
1419 1082 1436 1103 a
1456 1070 1620 1104 sententiis
1649 1071 1819 1104 definitivis
1837 1072 1886 1105 vel
1915 1072 2027 1106 defini-

1275 1124 1355 1157 tivae
1374 1124 1438 1156 vim
1462 1125 1654 1157 habentibus
1678 1124 1891 1158 committere.

1320 1177 1376 1221 §3-
1386 1178 1463 1211 Item
1475 1178 2026 1222 confirmationesindulgentiarum,
2075 1190 2228 1216 Indulgentits-

1276 1231 1339 1264 sive
1372 1237 1603 1275 perpetuarum
1637 1232 1700 1265 sive
1720 1232 1961 1277 temporalium,
1997 1238 2028 1267 et
2042 1227 2090 1273 {¹3⁶5
2108 1224 2228 1268 ἓῖῗῗιῗῖιῖἶ

1276 1290 1540 1319 testamentorum
1552 1291 1605 1319 aut
1626 1287 1815 1319 ultimarum
1825 1287 2028 1321 voluntatum
2041 1275 2088 1301 Μ’
2104 1277 2154 1300 “⁶‘’

1276 1351 1311 1373 ac
1332 1339 1601 1384 iurispatronatus
1626 1345 1656 1373 et
1684 1340 1909 1384 praesentandi
1938 1341 2029 1375 nullo

1277 1394 1373 1427 modo
1391 1394 1568 1438 expediant,
1581 1395 1635 1427 sed
1646 1405 1706 1428 nec
1718 1400 1956 1436 contractuum,
1967 1395 2029 1429 nisi

1277 1444 1315 1476 ad
1332 1444 1503 1487 utriusque
1524 1445 1743 1477 contrahentis
1759 1444 2029 1489 supplicationem

1276 1499 1305 1527 et
1326 1494 1393 1527 sine
1414 1493 1613 1538 praeiudicio
1634 1494 1729 1527 tertii.

1320 1544 1334 1586 ξ
1354 1543 1385 1576 4.
1404 1543 1441 1576 Et
1470 1543 1576 1576 minus
1605 1543 1848 1584 sententiarum,
1869 1543 1930 1577 nisi
1954 1555 2029 1578 cum
2094 1555 2227 1587 sententiis,

1277 1592 1432 1633 clausula,
1451 1597 1610 1636 quatenus
1630 1592 1689 1626 rite
1710 1598 1741 1626 et
1760 1598 1845 1626 recte
1866 1594 1947 1627 latae
1968 1593 2030 1628 sint
2043 1582 2228 1634 {iiiiiissfflmpm‘

1276 1647 1307 1675 et
1331 1642 1363 1674 in
1389 1653 1457 1675 rem
1478 1643 1679 1676 transiverint
1711 1643 1897 1684 iudicatam,
1924 1653 2030 1687 neque

1277 1692 1426 1725 adversus
1453 1692 1522 1725 illas
1542 1692 1663 1735 aliquid
1689 1692 1785 1725 fuerit
1805 1692 2026 1736 impetratum.

1278 1741 1300 1773 A
1327 1740 1626 1773 confirmationibus
1652 1741 1747 1774 etiam
1774 1742 2027 1786 compromisso-

1278 1801 1349 1822 rum
1362 1796 1392 1823 et
1411 1790 1583 1823 laudorum
1595 1796 1667 1823 ante
1683 1791 1854 1835 utriusque
1870 1791 1969 1835 partis
1978 1802 2030 1825 ex-

1278 1850 1420 1883 pressam
1438 1839 1744 1882 homologationem.

1321 1889 1335 1932 ὲ
1356 1889 1387 1922 5.
1401 1889 1531 1922 Necnon
1551 1889 1711 1922 unionum
1731 1894 1962 1934 perpetuarum
1981 1890 2030 1923 vel
2066 1902 2229 1924 utnon-imte-

1277 1938 1542 1981 suppressionnm
1563 1943 1617 1971 aut
1641 1938 1886 1972 translationum
1906 1939 2030 1973 benefi-
2043 1935 2175 1960 'mmmmm’

1279 1987 1402 2020 ciorum
1426 1987 1718 2021 ecclesiasticorum
1739 1993 1794 2021 ant
1814 1988 1944 2022 illorum
1964 1989 2030 2022 sru-

1278 2042 1389 2069 ctuum
1410 2037 1663 2081 applicationum
1682 2037 1815 2070 omnino
1833 2037 2026 2072 abstineant.

1321 2086 1335 2129 ξ
1360 2086 1391 2119 6.
1406 2086 1558 2120 Similiter
1574 2097 1638 2119 non
1660 2086 1838 2120 concedant
1854 2086 2028 2121 confirma·
2083 2103 2228 2125 Attenuant-

1278 2135 1380 2168 tiones
1408 2135 1651 2175 alienationum,
1677 2136 1953 2181 permutationum
1973 2143 2031 2171 aut
2042 2134 2229 2189 zsssstffiissiiffum

1278 2184 1506 2218 liberationum
1527 2185 1565 2218 de
1585 2185 1679 2218 bonis
1700 2184 1938 2226 ecclesiasticiS,
1951 2196 2030 2229 quo·
2188 2181 2194 2192 ’

1256 2237 1258 2245 '
1279 2245 1351 2266 rum
1377 2244 1505 2266 annuus
1533 2233 1677 2267 redditus
1707 2245 1866 2267 summam
1885 2235 2030 2279 quinque

1278 2283 1470 2316 ducatorum
1491 2283 1632 2323 excedat,
1648 2283 1679 2316 id
1695 2284 1780 2326 quod
1801 2283 1982 2328 dispositive
1996 2284 2030 2318 in

1278 2331 1379 2365 literis
1399 2331 1533 2376 exprimi
1559 2332 1684 2373 debeat,
1711 2338 1742 2366 et
1770 2332 2030 2367 confirmationes

1278 2381 1465 2414 huiusmodi
1481 2392 1609 2425 semper
1625 2382 1788 2415 ordinario
1808 2382 1870 2415 loci
1891 2387 1922 2416 et
1938 2383 2029 2417 alteri

1278 2441 1435 2474 personae
1455 2430 1487 2463 in
1508 2431 1659 2474 dignitate
1680 2432 1893 2465 ecclesiastica
1913 2433 2031 2467 consti-

1280 2485 1365 2513 tutae
1386 2480 1584 2513 coniunctim
1611 2479 1862 2514 committantur.
1885 2481 1922 2514 Et
1941 2482 1966 2514 si
1990 2482 2030 2515 de

1280 2528 1380 2572 ipsius
1408 2528 1562 2562 ordinarii
1582 2529 1734 2562 interesse
1754 2530 1803 2562 vel
1829 2530 2029 2573 praeiudicio

1280 2583 1403 2620 agatur,
1426 2583 1503 2612 tunc
1515 2579 1585 2611 loco
1597 2579 1697 2622 ipsius
1712 2579 1954 2613 committantur
1964 2591 2030 2614 me-

1317 2633 1327 2657 1
1350 2631 1464 2658 Cherub.
1486 2631 1529 2658 liic
1553 2631 1624 2658 addit
1652 2634 1805 2665 relaxasse,
1828 2641 1865 2659 ac
1883 2637 2030 2666 propterea

1278 2679 1328 2702 pro
1349 2673 1419 2698 itlius
1437 2671 1631 2706 reformatione
1644 2674 1693 2698 etc.
