2237 3100
248 247 297 273 An.
312 246 342 273 C.
362 244 430 273 1570

276 627 385 648 Clau-utne
400 627 435 646 de-

251 663 332 685 rogstffl
340 664 377 678 tur.

287 2557 360 2577 form:
375 2557 446 2584 publi-

261 2585 330 2605 cundi.

490 234 554 269 879.

446 297 603 338 ctoritate,
626 296 761 329 iudicari
781 294 949 328 etdefiniri
968 294 1097 329 debere:
1121 293 1196 327 irri-

447 357 515 384 tum
540 361 670 395 quoque
691 356 720 382 et
740 349 834 381 inane
854 347 1010 391 quicquid
1031 358 1123 381 secus
1143 358 1198 380 su-

448 416 506 449 per
524 405 574 437 liis
593 415 611 437 a
630 413 806 447 quoquam,
834 401 944 445 quavis
995 401 1196 442 auctoritate,

449 459 585 492 scienter
603 457 651 490 vel
681 457 878 500 ignoranter,
899 455 1069 499 contigerit
1096 461 1199 489 atten-

450 511 520 545 tari.

494 565 508 608 ἓ
527 564 580 598 46.
602 564 672 597 Non
692 563 892 597 obstantibus
919 562 1201 596 constitutionibus

450 624 480 651 et
513 617 771 651 ordinationibus
806 616 1002 660 apostolicis,
1042 627 1078 649 ac
1112 616 1201 659 stylo,

449 671 683 705 consuetudine
725 682 762 704 ac
804 681 1013 714 quocumque
1048 670 1203 713 temporis

449 736 557 766 eursu,
570 725 664 759 etiam
678 724 939 765 immemorabili,
956 723 1125 759 roboratis:
1140 724 1204 768 pri-

448 780 570 822 vilegiis
594 790 737 823 quoque,
767 779 900 812 indultis
920 778 1023 812 eidem
1050 778 1202 811 tribunali

449 844 486 867 ac
506 833 594 866 illius
621 833 823 866 auditoratus
849 832 956 865 officio
988 837 1018 865 et
1049 829 1201 871 auditori,

450 887 545 920 etiarn
566 887 599 920 in
619 886 763 921 eiusdem
784 885 882 919 officii
910 885 1073 919 erectione
1099 890 1129 917 et
1153 884 1203 916 in-

450 940 626 981 stitutione,
660 951 697 973 ac
728 939 891 973 iudicibus
922 944 951 972 et
973 938 1107 971 notariis
1127 937 1204 982 ipsis

449 994 646 1038 illorumque
671 993 820 1037 collegio,
851 993 947 1026 etiam
968 991 1065 1025 simili
1099 996 1201 1032 motu,

450 1048 545 1082 etiam
580 1046 845 1081 consistorialiter
878 1051 948 1086 etc,
983 1046 1042 1078 sub
1069 1045 1204 1089 quibus-

451 1112 591 1145 cumque
611 1101 778 1135 tenoribus
797 1105 828 1134 et
848 1100 971 1139 formis,
994 1110 1031 1133 ac
1043 1110 1118 1132 cum
1136 1100 1205 1143 qui-

452 1156 556 1189 busvis
576 1155 729 1189 clausulis
750 1160 780 1187 et
796 1154 945 1193 decretis,
968 1154 1001 1186 in
1021 1164 1140 1197 genere
1156 1153 1204 1186 vel

452 1211 483 1243 in
515 1209 621 1253 specie
651 1214 681 1242 et
712 1208 789 1241 alias
822 1207 1075 1250 quomodolibet,
1110 1207 1204 1239 etiam

451 1274 509 1308 per
530 1273 598 1304 nos,
619 1262 792 1302 concessis,
815 1260 1001 1304 approbatis
1022 1267 1052 1294 et
1071 1261 1205 1293 innova-

452 1317 502 1358 tis;
519 1317 638 1361 quibus
657 1316 820 1356 omnibus,
836 1315 931 1348 etiam
944 1314 980 1356 si,
1002 1326 1060 1359 pro
1075 1315 1205 1347 illorum

455 1370 629 1405 sufficienti
649 1369 868 1413 derogatione,
892 1368 930 1401 de
951 1368 1013 1401 illis
1027 1379 1206 1412 eorumque

451 1425 526 1459 totis
545 1423 712 1458 tenoribus
731 1423 892 1468 specialis,
915 1422 1077 1467 specifica,
1098 1422 1207 1455 indivi-

453 1479 516 1512 dua
543 1484 573 1512 et
593 1488 741 1523 expressa
762 1488 799 1511 ac
820 1477 858 1510 de
883 1477 979 1510 verbo
999 1477 1038 1509 ad
1058 1476 1205 1516 verbum,

453 1543 518 1566 non
538 1538 645 1566 autem
666 1543 724 1576 per
745 1531 906 1564 clausulas
923 1531 1090 1573 generales
1122 1530 1207 1563 idern

453 1587 676 1631 imponantes,
699 1585 820 1619 mentio
839 1596 895 1618 seu
921 1584 1052 1627 quaeris
1072 1583 1134 1617 alia
1154 1595 1208 1617 ex-

453 1640 575 1685 pressio
609 1639 769 1679 hahenda,
813 1644 869 1672 aut
906 1639 1014 1682 aliqua
1053 1637 1209 1682 exquisita

453 1693 556 1727 forma
576 1693 615 1726 ad
636 1693 698 1726 hoc
718 1692 871 1726 servanda
892 1691 986 1731 foret,
1005 1697 1133 1724 tenores
1146 1691 1208 1724 hu-

455 1748 595 1781 iusmodi
615 1746 839 1792 praesentibus
859 1757 917 1791 pro
935 1745 1135 1779 sufficienter
1155 1756 1209 1778 ex-

455 1801 573 1845 pressis
592 1800 760 1840 habentes,
783 1799 847 1833 illis
867 1800 946 1832 alias
966 1800 997 1832 in
1019 1809 1077 1832 suo
1093 1799 1209 1832 robore

456 1854 690 1898 permansuris,
712 1854 771 1887 hac
797 1854 864 1887 vice
882 1854 1058 1893 dumtaxat,
1085 1853 1210 1896 specia-

454 1908 528 1941 liter
556 1913 585 1941 et
619 1918 767 1952 expresse
798 1907 1003 1951 derogamuS,
1041 1907 1211 1940 contrariis

457 1963 731 2007 quibuscumqueg
753 1968 784 1995 et
803 1962 1000 2006 quibuslibet
1029 1961 1099 1994 aliis
1115 1961 1211 2006 privi-

457 2016 556 2059 legiis,
578 2016 711 2049 indultis
731 2022 760 2049 et
776 2016 890 2049 litteris
904 2016 1100 2060 apostolicis,
1117 2026 1213 2059 gene-

457 2070 578 2103 ralibus
607 2070 657 2103 vel
688 2069 890 2114 specialibus,
927 2080 1211 2112 quorumcumque

458 2131 608 2157 tenorum
643 2124 789 2163 existant,
825 2132 882 2166 per
916 2134 998 2167 quae
1011 2150 1018 2163 ‚
1050 2123 1211 2166 praesenti

458 2188 522 2210 non
543 2188 691 2221 expressa
716 2177 763 2210 vel
784 2176 924 2209 totaliter
943 2187 1008 2209 non
1026 2176 1154 2216 inserta,
1169 2176 1213 2209 ef-

459 2231 560 2265 fectus
580 2231 759 2276 praesentis
779 2230 929 2274 impediri
949 2230 1049 2263 valeat
1070 2240 1209 2273 quomo-

459 2284 578 2318 dolibet
598 2284 646 2318 vel
666 2283 801 2324 differri,
820 2288 850 2316 et
870 2283 908 2316 de
923 2283 1040 2326 quibus
1054 2293 1212 2326 quorum-

460 2348 522 2382 que
544 2337 617 2371 totis
635 2337 803 2371 tenoribus
823 2337 973 2381 specifica
995 2341 1025 2369 et
1050 2335 1213 2369 individua

460 2397 490 2424 et
523 2402 673 2435 expressa
692 2402 729 2424 ac
749 2391 788 2424 de
817 2391 913 2423 verbo
933 2390 974 2422 ad
993 2389 1126 2422 verbum
1154 2389 1212 2422 ha-

460 2440 565 2473 benda
585 2447 667 2474 esset
687 2441 807 2474 mentio
828 2439 988 2484 specialis.

505 2490 520 2533 §
534 2489 588 2523 47.
604 2490 643 2523 Ut
654 2495 761 2523 autern
775 2499 927 2533 praesens
940 2494 1047 2522 motus
1061 2487 1214 2531 proprius

461 2539 500 2571 ad
521 2539 667 2572 omnium
687 2539 833 2572 notitiam
859 2538 1049 2578 deducatur,
1072 2547 1109 2570 ac
1143 2547 1213 2569 om-

461 2599 530 2629 neS,
552 2599 692 2632 quorum
708 2589 840 2622 interest
851 2588 900 2621 vel
915 2587 1069 2620 interesse
1085 2586 1213 2630 poterit,

1034 241 1213 265 EULLARIUM
1238 240 1388 265 ROMANUM

1237 294 1322 338 piam
1347 294 1380 327 in
1400 293 1512 327 Palatii
1531 292 1633 327 nostri
1665 294 1839 338 Apostolici
1866 305 1902 328 ac
1934 295 1991 328 do-

1238 358 1310 380 mus
1331 358 1386 381 seu
1400 347 1514 381 Curiae
1536 347 1691 391 praedicti
1711 348 1867 382 auditoris
1886 349 1992 390 valvis,

1239 412 1366 435 necnon
1400 402 1431 433 in
1466 401 1533 434 acie
1555 400 1665 445 Campi
1690 401 1803 435 Florae
1827 402 1925 446 affigi,
1962 408 1993 437 et

1240 455 1361 488 ibidem
1383 455 1494 488 relicta
1514 455 1582 488 eius
1598 455 1690 499 copia
1709 455 1900 500 aliquandiu
1911 456 1992 490 deti-

1242 519 1322 542 neri.

1285 562 1377 606 §40ss.
1409 562 1564 595 Volumus
1592 563 1666 602 item
1701 562 1788 606 quod
1819 563 1996 607 praesentis

1242 616 1343 649 nostri
1369 622 1475 650 motus
1500 616 1624 661 proprii
1645 617 1711 650 sola
1745 616 1909 660 signatura
1929 617 1996 650 suf-

1243 669 1339 710 ficiat,
1364 675 1394 702 et
1422 670 1543 713 ubique
1565 670 1661 703 tidem
1691 670 1797 711 faciat,
1820 669 1853 703 in
1873 669 1996 703 iudicio

1243 729 1273 756 et
1293 728 1394 763 extra,
1416 724 1528 766 regula
1549 724 1711 757 contraria
1727 734 1792 757 non
1813 724 1972 757 obstante.

1288 777 1302 820 ἓ,
1320 776 1374 810 49.
1398 777 1555 821 Quodque
1576 778 1645 811 eius
1669 777 1890 821 transumptis,
1910 783 1999 810 nota-

1245 830 1281 863 rii
1301 831 1422 874 publici
1439 842 1537 865 manu
1559 831 1761 876 subscriptis,
1784 837 1814 865 et
1841 841 1998 875 personae

1245 885 1277 917 in
1307 885 1523 919 ecclesiastica
1543 885 1696 929 dignitate
1728 885 1920 919 constitutae
1955 885 1998 918 si-

1244 937 1320 981 gillo
1354 938 1532 981 signitatis,
1566 939 1661 982 plena
1696 944 1727 972 et
1755 938 1888 972 indubia
1919 938 1999 972 fides

1245 1002 1346 1035 caque
1361 1003 1494 1036 prorsus
1512 993 1716 1033 adhibeatur,
1738 992 1891 1037 quaeipsi
1905 992 1998 1025 adhi-

1245 1045 1388 1085 beretur,
1413 1046 1437 1079 si
1457 1047 1539 1079 soret
1554 1046 1714 1080 exhibitus
1731 1053 1761 1080 ct
1780 1052 1938 1080 ostensus.

1290 1091 1418 1131 Placet,
1455 1097 1485 1124 et
1516 1092 1558 1124 ita
1591 1097 1680 1125 motu
1718 1091 1851 1136 proprio
1885 1090 1998 1125 statui-

1246 1155 1318 1177 mus
1338 1150 1367 1178 et
1389 1145 1592 1178 mandamus.
1616 1145 1654 1178 M.

1289 1198 1402 1231 Datum
1429 1199 1549 1232 Romae
1576 1199 1662 1243 apud
1683 1200 1837 1233 Sanctum
1856 1199 1999 1238 Petrum,

1246 1252 1441 1286 duodecimo
1461 1253 1614 1286 kalendas
1638 1253 1831 1294 decembris,
1862 1263 1948 1286 anno
1966 1262 1997 1286 v.

1266 1306 1330 1336 Dat.
1348 1306 1395 1336 ‹lic
1414 1306 1451 1336 ⁹20
1469 1305 1605 1336 novemb.
1631 1306 1715 1345 1570,
1734 1307 1839 1346 pontis.
1857 1316 1934 1337 anno
1951 1315 1978 1337 v.

1541 1473 1706 1507 CLXXVII.

1247 1549 1436 1582 Prolzz'bitio
1455 1549 1650 1593 disputandi
1674 1551 1706 1582 2⁷71
1720 1550 1859 1593 publicis
1874 1550 2004 1593 praedi-

1294 1604 1475 1636 cationibus
1484 1604 1521 1636 cle
1532 1604 1736 1647 conceptione
1746 1604 1868 1637 Beatae
1877 1603 2003 1637 Mariae

1300 1658 1464 1701 l'irgyim's,
1491 1662 1547 1690 aut
1577 1658 1613 1691 de
1641 1668 1677 1691 ea
1704 1658 1832 1702 vulyari
1857 1669 2004 1692 sermone

1293 1713 1455 1745 scribendi
1474 1712 1520 1745 vel
1538 1712 1686 1745 dictandi
1711 1711 1737 1744 ¹.

1343 1794 1405 1822 Pius
1425 1793 1566 1829 episeopus
1582 1800 1678 1822 servus
1697 1800 1839 1822 servorum
1854 1794 1911 1828 Det,

1398 1849 1431 1876 ad
1450 1848 1612 1884 perpetuam
1631 1848 1672 1876 rei
1689 1847 1859 1891 memoriam.

1295 1921 1400 1964 Super
1424 1920 1589 1964 speculam
1618 1919 1757 1961 Domini,
1791 1919 1912 1953 viribus
1931 1920 2006 1954 licet

1252 1974 1385 2018 exiguis,
1408 1973 1586 2014 constituti,
1609 1974 1788 2018 prophetae
1811 1973 2004 2007 sollicitudi-

1252 2039 1324 2062 nem
1356 2028 1528 2068 imitantes,
1551 2027 1602 2061 die
1623 2031 1786 2071 noctuque
1806 2027 1846 2060 ad
1865 2027 2007 2062 diversos

1252 2082 1412 2115 Ecclesiae
1435 2087 1533 2115 status
1546 2087 1674 2114 nostrae
1695 2080 1811 2114 mentis
1831 2080 1934 2114 aciem
1958 2080 2006 2114 in-

1253 2136 1424 2175 tendimus,
1446 2135 1588 2168 studiose
1617 2133 1821 2178 providentes
1853 2139 1890 2168 ut
1921 2145 2006 2168 corn-

1254 2190 1342 2223 muni
1363 2189 1498 2223 Domino
1519 2189 1557 2221 ab
1578 2189 1730 2222 omnibus
1747 2184 1899 2231 gradibus
1925 2188 2006 2222 fide-

1254 2245 1326 2277 liter
1356 2243 1523 2283 serviatur,
1559 2254 1596 2275 ac
1616 2242 1679 2275 illis
1704 2240 1858 2283 maxime,
1887 2241 2007 2286 quibus

1254 2297 1400 2339 digniora
1422 2295 1599 2328 ministeria
1624 2295 1721 2328 divini
1742 2295 1881 2338 Spiritus
1899 2295 2006 2329 favore

1254 2351 1374 2385 credita
1394 2356 1479 2389 sunt,
1503 2349 1585 2382 inter
1603 2360 1685 2393 quos
1699 2348 1794 2382 divini
1808 2349 1896 2383 verbi
1911 2359 2005 2393 prae-

1293 2422 1299 2445 t
1322 2420 1357 2445 De
1373 2417 1586 2453 praedicatorum
1604 2419 1691 2442 antem
1709 2416 1794 2443 osticio
1816 2419 1842 2443 et
1868 2415 2005 2451 approba-

1255 2464 1325 2490 tione
1343 2463 1403 2489 vide
1434 2462 1458 2487 in
1476 2460 1571 2487 Leonis
1591 2461 1617 2486 X
1645 2460 1835 2487 constitutione
1855 2467 1928 2492 xxn,
1955 2461 2007 2486 Su-

1253 2517 1361 2540 pernae,
1379 2511 1443 2534 tom.
1465 2515 1493 2539 v,
1513 2515 1572 2542 pag.
1591 2506 1652 2533 681.
1669 2506 1705 2532 De
1724 2506 1896 2540 conceptione
1910 2505 1938 2532 Β.
1955 2505 2006 2532 Ma·

1255 2555 1307 2580 riae
1330 2553 1410 2579 habes
1430 2552 1454 2578 in
1476 2551 1582 2593 concilii
1610 2549 1757 2577 Tridentini
1777 2550 1893 2576 sessione
1917 2557 1952 2582 v,
1972 2551 2007 2576 Do

1254 2603 1359 2631 peccato
1380 2599 1517 2630 ortyinatt,
1538 2597 1563 2623 in
1581 2596 1638 2629 fin.;
1662 2599 1688 2622 et
1704 2594 1810 2622 constit.
1832 2593 1912 2621 huius
1934 2595 2004 2621 Pon-

462 2637 594 2678 afficiat,
615 2638 763 2671 volumus
783 2643 814 2671 et
833 2637 1024 2671 mandamus
1044 2635 1131 2670 illius
1158 2645 1213 2669 co·
1256 2642 1331 2669 ttficis
1346 2650 1419 2669 num.
1443 2643 1502 2669 168.

2007 243 2057 271 An.
2075 243 2104 272 c.
2119 241 2191 272 πετο
2236 282 2237 285 ¹

2035 576 2085 597 Sota
2099 577 2193 602 xignntu-

2010 614 2033 628 ru
2046 606 2131 628 suttteit.

2044 793 2106 814 Fides
2122 799 2195 815 exem-

2013 825 2102 852 plorum.

2060 1932 2126 1953 Causa
2141 1930 2203 1952 butun

2019 1963 2184 1984 constitutionis.
