2237 3100
237 234 287 261 Α11.
305 234 333 261 C.
352 232 418 263 ¹568

248 349 289 370 Sed
304 350 418 370 concilium

235 381 254 401 ld
270 381 350 401 remisit
365 381 418 401 Pon-

236 413 293 432 utici:
318 414 337 431 at
372 414 417 438 ipse

235 449 276 463 nun
327 443 417 469 perfecit

234 476 301 494 morte
313 480 417 500 praeven-

236 508 274 525 tus.

477 290 492 333 g
517 289 548 323 3.
568 289 639 330 Ubi,
654 299 728 323 eum
742 289 844 322 doctis
857 287 1050 331 quibusdam
1074 293 1104 321 01
1122 287 1183 332 piis

432 343 507 376 viris
526 355 543 376 a
564 343 701 376 concilio
716 343 825 375 datum
848 347 929 375 esset
949 342 1126 384 negotium,
1149 347 1181 374 ut

432 398 472 431 ad
491 397 649 441 reliquam
669 396 907 439 cogitationem,
928 395 1077 428 Breviarii
1101 406 1183 439 quo-

431 461 494 493 que
510 461 622 483 curam
638 449 862 492 adiungerent,
877 448 1012 482 instante
1029 449 1092 482 iam
1109 460 1184 482 con-

433 504 577 537 clusione
593 502 735 543 concilii,
753 508 817 535 tota
837 513 888 535 res
904 502 942 535 ad
958 503 1182 536 auctoritatem

432 556 654 599 iudiciumque
669 556 804 588 Romani
825 555 988 589 Pontificis
1002 566 1038 589 ex
1055 556 1184 590 decreto

432 609 574 642 ciusdem
596 609 726 642 concilii
746 609 846 641 relata
857 614 916 650 est,
934 609 1000 653 qui,
1024 609 1087 642 illis
1107 609 1184 653 ipsis

432 662 576 706 patribus
596 663 634 696 ad
668 663 697 695 id
728 674 847 696 munus
880 663 1012 696 delectis
1050 664 1183 696 Romani

409 727 411 729 ·
430 716 558 755 vocatis,
576 718 806 761 nonnullisque
821 718 853 750 in
870 717 954 751 Urbe
971 718 1094 751 idoneis
1110 717 1185 751 viris

259 989 354 1011 movero
364 990 417 1011 Pon-

233 1022 284 1043 tifex
326 1022 416 1049 pei-lecit

235 1053 370 1079 terei-tarium,
395 1056 416 1074 et

234 1085 367 1112 approbavit,

263 1905 286 1926 Ei
302 1906 362 1926 modo
373 1911 419 1932 pro·

237 1937 295 1958 humi
306 1938 361 1958 aliud
372 1937 420 1958 Bre-

237 1969 325 1988 1111111110
367 1968 419 1989 alias

237 2000 314 2020 editum
331 2006 341 2020 a
357 1999 419 2020 Fran-

236 2032 293 2051 cisco
318 2031 419 2052 cardinali

251 2442 366 2472 'Omniaque
382 2445 422 2466 aliu

238 2475 345 2497 Breviaria
379 2483 421 2497 nou

239 2508 354 2534 approbat«
400 2510 421 2529 in

239 2540 345 2566 primaeva
359 2540 422 2560 insti-

238 2571 319 2590 tutione
334 2570 422 2591 velcon-

240 2602 350 2622 suetudine
363 2606 423 2622 uce-

240 2633 303 2654 dente
315 2638 380 2653 anno·
391 2639 422 2659 cc3

431 770 469 803 ad
479 782 552 803 eum
565 781 738 804 numerum
751 770 922 811 adiunctis,
933 782 1000 804 rem
1012 772 1183 815 persicien-

431 824 503 856 dam
516 824 648 857 curavit.
665 825 783 857 Verum
799 835 837 858 eo
853 824 948 857 etiam
967 824 998 857 in
1011 824 1092 858 viam
1114 825 1185 857 uni-

431 888 541 911 versae
561 878 668 911 carnis
688 878 845 922 ingresso:

476 933 490 975 §
515 932 546 965 4.
574 932 648 974 Nos,
667 932 709 965 ita
720 932 826 965 divina
837 932 1025 977 disponente
1046 933 1185 966 clemen-

432 986 484 1027 tia,
505 986 578 1019 licet
596 986 770 1027 immerito,
785 987 824 1019 ad
837 986 1033 1030 apostolatus
1059 987 1183 1030 apicem

431 1039 597 1083 assumpti,
607 1050 681 1072 cum
691 1051 819 1073 sacrum
827 1050 918 1084 opus,
929 1040 1079 1073 adhibitis
1090 1041 1184 1074 etiam

432 1094 471 1127 ad
492 1093 571 1127 illud
597 1094 668 1127 aliis
692 1094 803 1138 peritis
822 1094 908 1135 viris,
930 1094 1067 1128 maxime
1087 1106 1184 1139 urge-

433 1157 517 1189 mus,
544 1158 659 1190 magna
684 1148 716 1180 in
741 1158 799 1181 nos
823 1147 877 1181 Dei
902 1148 1098 1191 benignitate
1126 1149 1186 1191 (sic

432 1201 517 1235 enim
543 1201 754 1246 accepimus),
774 1202 954 1235 Romanum
980 1203 1042 1236 1100
1058 1202 1185 1236 Brevia-

433 1255 517 1288 riutn
548 1256 685 1288 vidimus
704 1256 903 1289 absolutum.
943 1256 1042 1290 Cuius
1061 1257 1185 1290 ratione

432 1309 652 1353 dispositionis
678 1309 716 1341 ab
747 1309 808 1342 illis
837 1310 931 1353 ipsis,
966 1310 1020 1353 qui
1051 1310 1185 1353 negocio

434 1363 598 1407 praepositi
614 1364 754 1403 fueraut,
773 1364 1096 1406 nonsemelcognita,
1111 1375 1185 1397 cum

435 1418 690 1460 intelligeremus
714 1429 770 1451 005
795 1418 826 1450 10
856 1418 901 1451 rei
923 1418 1126 1451 confectione
1146 1419 1185 1451 al·

434 1471 573 1514 antiquis
598 1472 766 1505 Breviariis
786 1472 944 1505 nobilium
969 1472 1063 1505 Urbis
1087 1472 1187 1505 eccle-

434 1525 555 1558 siarum
576 1536 612 1559 ac
638 1531 767 1559 nostrae
791 1526 961 1559 Vaticanae
980 1526 1186 1559 bibliotheca}

434 1587 499 1612 non
520 1579 705 1621 decessisse,
727 1591 903 1623 gravesque
932 1586 1100 1625 praetcrea
1127 1579 1186 1613 ali-

433 1638 513 1677 quot
532 1644 569 1666 00
586 1633 618 1666 111
628 1644 746 1676 genere
767 1634 941 1678 scriptores
961 1641 1088 1667 secutos
1104 1645 1184 1671 essc3

433 1698 469 1720 ac
489 1687 638 1732 denique,
659 1688 791 1721 remotis
812 1688 849 1721 iis
868 1700 951 1732 quae
972 1689 1075 1721 aliena
1092 1694 1122 1721 et
1138 1688 1187 1721 in-

433 1746 520 1774 certa
551 1748 667 1782 essent,
690 1742 728 1775 de
750 1743 882 1786 propria
912 1754 1039 1776 summa
1072 1743 1188 1776 veteris

433 1794 530 1827 divini
551 1795 649 1828 osticii
671 1795 750 1827 011111
778 1796 935 1838 omisisse,
958 1807 1040 1840 opus
1069 1798 1187 1841 proba-

432 1847 536 1881 vimus
560 1854 590 1881 et
615 1848 734 1882 Romae
759 1849 1188 1894 imprimi,ianrcssumque

434 1901 591 1946 divulgari
604 1902 768 1936 iussimus.
783 1904 904 1946 ltaque,
923 1910 957 1936 ut
973 1904 1069 1937 divini
1090 1904 1188 1938 buius

433 1955 541 1999 operis
557 1956 689 1989 effectus
700 1967 735 1989 re
747 1957 813 2001 ipsa
830 1964 1061 2001 consequatur,
1080 1964 1188 1991 aucto-

434 2009 525 2043 ritate
550 2010 784 2053 praesentium,
802 2011 946 2044 tollimus
961 2011 993 2044 in
1019 2011 1132 2054 primis
1158 2018 1189 2045 01

434 2063 602 2097 abolemus
622 2063 819 2097 Breviarium
846 2075 964 2098 novum
981 2076 999 2098 a
1015 2065 1187 2099 Francisco

434 2117 589 2151 cardinali
606 2118 771 2161 praedicto
792 2118 913 2151 editum
929 2124 959 2151 et
980 2118 1011 2151 in
1030 2130 1187 2163 quacum-

434 2182 497 2214 que
508 2171 654 2211 ecclesia,
664 2171 870 2212 monasterio,
879 2178 1049 2213 conventu,
1059 2173 1187 2213 Ordine,

434 2224 548 2258 militia
563 2230 593 2258 et
604 2226 675 2258 loco
691 2225 834 2258 virorum
847 2231 878 2258 et
891 2227 1078 2268 mulierum,
1092 2227 1187 2260 etiam

434 2284 594 2322 exempto,
607 2284 670 2311 tam
682 2290 698 2311 a
710 2279 871 2323 primaeva
883 2279 1080 2314 institutione
1091 2292 1188 2325 quam

434 2331 528 2365 aliter
542 2333 657 2366 abbae
678 2333 758 2367 Sede
779 2332 985 2376 permissum.

479 2386 494 2429 ἓ
519 2385 549 2418 5.
577 2387 621 2419 Ac
646 2387 743 2420 etiam
767 2386 935 2420 abolemus
959 2398 1188 2431 quaecumque

435 2435 496 2468 alia
516 2436 691 2478 Breviaria,
723 2437 771 2470 vel
792 2437 973 2481 antiquiora
1005 2439 1052 2470 vel
1077 2439 1188 2482 quovis

435 2485 599 2529 privilegii)
621 2488 744 2521 munita
760 2488 807 2520 vel
827 2487 868 2520 ab
888 2487 1050 2532 episcopis
1070 2488 1101 2520 111
1123 2489 1188 2521 51115

436 2535 635 2568 dioecesibus
655 2537 871 2580 promulgata,
898 2547 1092 2581 omnemque
1116 2537 1187 2571 illo-

436 2595 509 2617 rum
534 2597 629 2618 usum
654 2587 692 2619 de
722 2587 874 2620 omnibus
907 2587 995 2620 orbis
1029 2587 1185 2627 ecclesiis,

438 2634 651 2675 monasteriis,
679 2636 901 2678 conventibus,
927 2636 1063 2677 militiis,
1094 2636 1186 2669 Ordi-

1029 234 1209 259 BULLARIUM
1230 233 1382 258 ROMANUM

1225 287 1320 320 nibus
1336 291 1367 320 et
1380 286 1460 320 locis
1474 287 1617 320 virorum
1629 297 1666 321 ac
1678 288 1865 330 mulierum,
1881 288 1976 322 etiam

1225 341 1392 385 exemptis,
1406 340 1438 373 in
1454 341 1572 384 quibus
1585 340 1663 374 alias
1678 341 1823 375 officium
1833 342 1976 376 divinum

1225 394 1388 428 Romanae
1417 395 1578 428 Ecclesiae
1614 395 1678 428 ritu
1713 395 1777 429 dici
1814 396 1979 430 consuevit

1225 453 1281 481 aut
1304 448 1410 488 debet,
1438 448 1500 481 illis
1524 454 1631 482 tamen
1658 449 1807 492 exceptis,
1832 461 1914 494 quae
1939 450 1979 483 ab

1226 502 1294 545 ipsa
1316 502 1420 546 prima
1436 502 1637 536 institutione
1658 513 1676 535 a
1695 503 1776 536 Sede
1795 503 1979 547 Apostolica

1226 556 1420 599 approbata,
1455 557 1503 589 vel
1537 556 1785 598 consuetudine,
1819 557 1867 590 vel
1896 568 1979 601 quae

1227 609 1294 653 ipsa
1314 609 1470 643 institutio
1487 610 1642 644 ducentos
1662 621 1764 644 annos
1792 612 1978 653 antecedat,

1226 663 1296 696 aliis
1316 664 1410 697 certis
1434 664 1603 697 Breviariis
1623 676 1679 697 usa
1704 664 1801 698 fuisse
1826 665 1978 698 constite-

1226 716 1277 757 rit,
1300 717 1429 761 quibuS,
1451 723 1486 750 ut
1507 718 1717 751 inveteratum
1748 718 1827 751 illud
1857 719 1906 752 ius
1932 718 1980 751 di-

1227 771 1319 803 cendi
1353 777 1384 804 et
1412 772 1568 814 psallendi
1602 783 1697 805 suum
1732 771 1877 805 osticium
1914 781 1981 805 non

1227 825 1410 867 adimimus,
1424 826 1469 859 510
1481 826 1613 867 eisdem,
1628 826 1653 859 si
1665 826 1745 860 sorte
1757 826 1820 860 1100
1831 831 1979 859 nostrum

1226 879 1313 923 quod
1333 880 1429 913 modo
1450 880 1691 924 promulgatum
1712 885 1770 922 est,
1789 880 1890 924 magis
1910 880 1978 924 pla-

1227 938 1289 975 001,
1324 933 1501 967 dummodo
1535 934 1707 978 episcopus
1732 939 1763 967 et
1790 933 1980 967 universum

1227 987 1405 1031 capitulum
1431 988 1463 1021 in
1483 998 1522 1021 eo
1546 987 1761 1029 consentiant,
1779 987 1809 1020 id
1826 987 1858 1020 in
1879 988 1980 1022 choro

1227 1041 1335 1074 dicere
1355 1047 1385 1075 et
1410 1042 1547 1085 psallere
1575 1041 1710 1086 possint,
1747 1041 1977 1085 permittimus.

1272 1096 1286 1139 ξ
1307 1095 1337 1128 6.
1361 1095 1478 1129 Omnes
1501 1106 1575 1129 vero
1605 1101 1636 1129 et
1655 1106 1878 1140 quascumque
1901 1106 1980 1140 apo-

1227 1149 1356 1183 stolicas
1387 1155 1417 1183 01
1433 1150 1510 1183 alias
1531 1150 1759 1194 permissiones
1779 1161 1816 1183 ac
1845 1160 1981 1183 consue-

1228 1203 1355 1237 tudines
1374 1209 1405 1237 et
1425 1209 1552 1245 statuta,
1576 1204 1671 1238 etiam
1692 1204 1887 1245 iuramento,
1908 1214 1982 1237 con-

1228 1257 1411 1290 firmatione
1448 1258 1625 1302 apostolica
1664 1258 1711 1291 vel
1756 1258 1819 1291 alia
1856 1258 1982 1291 firmate

1229 1311 1365 1351 munita,
1387 1322 1514 1345 necnon
1534 1311 1712 1355 privilegia,
1727 1311 1873 1345 licentias
1892 1316 1923 1346 et
1937 1311 1985 1344 in-

1228 1364 1317 1398 dulta
1329 1365 1481 1408 precandi
1507 1371 1537 1399 et
1562 1366 1732 1410 psallendi,
1755 1371 1818 1399 tam
1838 1365 1871 1398 in
1883 1366 1983 1399 choro

1228 1429 1325 1461 quam
1340 1424 1424 1452 extra
1446 1419 1551 1460 illum,
1569 1430 1659 1453 more
1675 1425 1705 1453 et
1721 1419 1785 1453 ritu
1806 1419 1982 1453 Breviario·

1228 1482 1300 1505 rum
1322 1472 1366 1505 sic
1396 1483 1658 1517 suppressorum‚
1680 1472 1854 1518 praedictis
1878 1473 1984 1507 eccle-

1229 1525 1295 1567 siis,
1331 1526 1549 1567 monasteriis,
1585 1527 1807 1569 conventibus,
1847 1527 1982 1568 militiis,

1229 1579 1402 1613 Ordinibus
1422 1585 1452 1614 ct
1471 1581 1564 1622 locis,
1586 1591 1714 1614 necnon
1734 1581 1765 1614 S.
1789 1581 1825 1614 R.
1852 1581 1889 1615 E.
1913 1591 1984 1614 car-

1229 1633 1399 1675 dinalibus,
1420 1634 1624 1678 patriarchis,
1637 1634 1900 1679 arcliiepiscopiS,
1918 1628 1985 1679 epi-

1229 1687 1355 1732 scopis,
1398 1689 1567 1722 abbatibus
1600 1694 1631 1722 01
1664 1689 1733 1722 aliis
1772 1689 1984 1723 ecclesiarum

1230 1742 1393 1785 praelatis,
1426 1743 1606 1787 ceterisque
1626 1743 1777 1776 omnibus
1797 1748 1828 1776 et
1851 1742 1986 1786 singulis

1229 1796 1376 1839 personis
1396 1796 1634 1838 ecclesiasticis,
1650 1797 1872 1830 saecularibus
1886 1801 1916 1830 et
1936 1806 1985 1829 re-

1229 1850 1395 1893 gularibus
1430 1851 1600 1894 utriusque
1629 1861 1742 1892 sexus,
1775 1859 1983 1894 quacumque

1231 1914 1327 1937 causa
1350 1915 1515 1945 concessa,
1552 1906 1729 1949 approbata
1763 1911 1795 1938 et
1823 1905 1984 1946 innovata,

1230 1957 1492 2003 quibuscumque
1535 1964 1692 2002 concepta
1732 1959 1880 1993 formulis
1897 1986 1904 2000 ,
1947 1970 1984 1992 ac

1230 2011 1367 2045 decretis
1385 2018 1415 2045 et.
1440 2013 1594 2046 clausulis
1634 2013 1783 2046 roborata
1802 2041 1810 2055 ,
1852 2013 1985 2046 omnino

1230 2076 1431 2107 revocamus,
1453 2067 1667 2109 volumusque
1684 2066 1739 2099 illa
1755 2065 1864 2099 onmia
1874 2066 1938 2100 vim
1954 2070 1986 2099 et

1230 2120 1381 2153 effectum
1407 2120 1445 2153 de
1461 2125 1569 2153 cetero
1588 2130 1654 2153 non
1674 2119 1805 2153 habere.

1275 2174 1290 2217 ξ
1311 2174 1342 2207 7.
1365 2174 1457 2207 0111111
1478 2174 1586 2218 itaque
1606 2174 1670 2208 alio
1690 2186 1751 2208 usu
1775 2174 1983 2218 quibuslibet,

1230 2234 1266 2261 ut
1290 2228 1412 2261 dictum
1442 2234 1500 2270 051,
1529 2228 1712 2270 interdicto,
1740 2228 1803 2262 hoc
1835 2233 1982 2262 nostrum

1230 2282 1427 2316 Breviarium
1445 2294 1481 2316 ac
1502 2283 1656 2326 precandi
1682 2282 1906 2327 psallendique
1922 2283 1984 2316 for-

1231 2336 1352 2369 mulam
1374 2337 1405 2369 in
1431 2336 1582 2370 omnibus
1601 2336 1741 2370 universi
1766 2335 1853 2369 orbis
1878 2337 1982 2370 00010-

1231 2390 1296 2432 siis,
1309 2391 1521 2430 monasteriis,
1537 2391 1711 2424 Ordinibus
1724 2396 1754 2424 et
1770 2390 1862 2432 locis,
1886 2390 1982 2424 etiam

1230 2441 1396 2484 exemptis,
1428 2441 1460 2473 111
1480 2441 1598 2484 quibus
1618 2441 1759 2474 officium
1780 2451 1817 2473 ex
1837 2450 1927 2473 more
1953 2445 1984 2474 et

1230 2489 1292 2522 ritu
1314 2489 1418 2522 dictae
1443 2489 1605 2523 Romanae
1626 2489 1781 2523 ecclesiae
1801 2488 1864 2521 dici
1889 2488 1983 2522 debet

1230 2544 1284 2571 aut
1304 2538 1481 2579 consuevit,
1503 2539 1586 2571 salva
1602 2538 1765 2581 praedicta
1783 2537 1982 2571 institutione

1229 2589 1277 2620 vel
1298 2588 1531 2621 consuetudine
1552 2588 1734 2632 praedictos
1753 2588 1908 2620 ducentos
1927 2597 1982 2621 an-

1230 2647 1288 2670 nos
1325 2642 1518 2681 superante,
1552 2637 1772 2681 praecipimus
1804 2637 1978 2672 observari.

1994 235 2042 263 An.
2062 236 2089 264 C.
2111 236 2180 265 {668

2013 1107 2107 1129 Revocat
2117 1109 2181 1129 etiam

1996 1145 2104 1167 quaecum.
2135 1142 2182 1161 sta-

1998 1174 2042 1192 tuta
2052 1174 2073 1192 et
2090 1171 2182 1192 {acutia-

1998 1206 2031 1224 tes
2041 1203 2115 1224 orandi
2125 1203 2182 1223 iuxta

2004 1233 2091 1255 formam
2126 1235 2183 1254 auti-

1999 1270 2088 1292 quorum
2135 1264 2185 1286 Bre-

1998 1297 2120 1321 viai-iorum

2012 2185 2183 2215 Breviartumqus

1999 2219 2054 2239 istud
2064 2224 2140 2240 novum
2151 2224 2182 2240 re-

1999 2251 2049 2278 cipi,
2060 2253 2081 2271 01
2090 2251 2147 2271 iuxta
2162 2255 2182 2272 e>

1999 2283 2031 2302 ius
2041 2282 2127 2303 {ormam
2137 2288 2182 2303 orn<

1999 2313 2135 2341 ripraecipu;
