2237 3100
294 278 342 304 Αη.
361 278 390 306 C.
411 279 476 307 {562

294 1245 411 1268 Declarutio
424 1249 463 1268 rir-

275 1282 299 1297 ea
307 1279 401 1304 deposita
414 1280 463 1300 tinn-

277 1308 302 1327 da
326 1315 337 1328 a
365 1311 462 1330 condem-

276 1339 331 1359 natis
355 1341 378 1360 ad
404 1340 463 1361 savo-

274 1375 320 1390 rem
336 1371 379 1392 fisci
390 1373 461 1393 etca-

275 1406 353 1423 merae.

535 270 599 306 190

491 333 656 379 impetrari
672 335 913 371 commissiones
928 338 1064 372 directas
1080 340 1240 374 iudicibus

490 388 537 421 vel
568 389 599 421 in
625 390 708 423 alma
736 391 820 424 Urbe
854 392 1062 428 existentibus
1087 394 1238 437 negocio-

490 453 562 476 rum
584 444 786 478 multitudine
808 447 979 491 impeditis,
1001 449 1048 481 vel
1069 454 1155 481 extra
1175 448 1237 482 Cu-

489 495 568 529 riam
585 508 697 530 eorum
728 499 857 539 amicis,
890 506 920 533 et
947 501 979 534 in
999 502 1088 540 locis,
1113 502 1144 534 in
1165 502 1236 545 qui-

488 549 548 582 bus
577 561 640 583 non
668 558 759 589 sunt,
790 553 844 596 qui
870 553 940 586 iura
960 554 1027 587 fisci
1049 555 1131 588 tueri
1161 567 1235 599 pos-

487 604 547 636 sint
569 610 623 637 aut.
648 606 760 647 velint,
783 608 944 641 narrando
974 609 1068 641 etiam
1098 610 1129 642 in
1159 610 1236 655 ipsis

487 658 766 692 commissionibus
797 661 897 693 multa
926 663 1109 703 mendacia,
1137 670 1171 697 ut
1196 664 1234 697 il-

484 710 589 744 lorum
616 712 721 745 medio
755 714 895 757 possint,
932 715 969 747 ad
1005 717 1232 751 retardandum

483 765 703 798 executionem
726 771 755 799 et
782 778 911 800 causam
932 768 1160 811 intricandum,
1184 771 1232 804 in-

482 816 653 851 hibitiones
680 819 719 851 ab
747 820 822 863 ipsis
843 820 1004 855 iudicibus
1026 829 1229 868 extorquere.

480 870 566 910 Quae
587 872 695 905 omnia
714 884 781 907 non
800 875 904 908 solum
921 877 1053 910 tendunt
1071 878 1103 911 in
1123 878 1231 913 Came-

480 934 533 957 rae
554 926 735 969 praedictae
762 928 991 963 detrimentum
1012 931 1116 975 <quod
1142 934 1232 966 tolle—

477 1030 667 1066 delietorum
686 1034 885 1079 impunitate,
903 1038 996 1070 datur
1011 1039 1080 1072 aliis
1097 1041 1230 1074 materia

477 1085 685 1130 delinquendi
706 1093 737 1121 et
757 1090 912 1123 universis
940 1092 1068 1135 populis
1094 1094 1228 1128 scanda—

478 1138 544 1171 lum
566 1149 629 1172 non
651 1141 825 1175 modicum.

521 1192 535 1235 ἓ
556 1192 586 1225 2.
601 1193 663 1227 Nos
675 1194 782 1238 igitur,
801 1197 971 1231 calumniis
986 1205 1017 1232 et
1032 1201 1102 1233 aliis
1118 1201 1227 1234 incon-

476 1245 676 1280 venientibus
692 1249 890 1290 huiusmodi,
903 1257 1058 1294 quantum
1073 1265 1146 1287 cum
1163 1255 1227 1288 Deo
1246 1295 1247 1299 Ἰ

477 1309 664 1342 possumus,
687 1302 813 1336 obviare
848 1310 878 1337 et
907 1305 938 1338 in
966 1306 1015 1339 liis
1044 1314 1247 1351 opportune*

476 1353 643 1395 providere
664 1356 820 1397 volentes,
844 1358 903 1391 hac
928 1366 1035 1393 nostra
1057 1361 1087 1393 in
1109 1373 1224 1406 perpe-

473 1459 698 1494 constitutione
751 1463 920 1497 statuimus
959 1471 989 1498 et
1036 1468 1224 1502 ordinamus

472 1513 558 1555 quod
574 1513 605 1545 in
622 1515 823 1558 supradictis,
849 1528 904 1551 seu
926 1519 1148 1554 criminalibus
1169 1528 1223 1555 aut,

471 1565 626 1608 civilibus,
645 1569 693 1602 vel
709 1580 744 1602 ex
765 1570 881 1605 delicto
902 1573 964 1605 sive
986 1584 1022 1606 ex
1044 1580 1221 1616 contractu,

470 1624 504 1652 ut
521 1621 721 1664 praefertur,
744 1624 995 1668 procedentibus
1024 1627 1145 1669 causis,
1166 1629 1220 1662 fis-

469 1683 542 1706 cum
571 1680 601 1707 et
627 1674 793 1709 Cameram
829 1678 1027 1721 praedictam
1069 1681 1220 1726 illiusque

468 1726 621 1761 interesse
657 1730 901 1772 quomodolibet
935 1735 1217 1775 concernentibus,

466 1791 531 1814 non
552 1777 760 1816 liceat'alicui
781 1785 1007 1827 condemnato,
1031 1787 1217 1821 cuiuscum-

465 1845 528 1878 que
549 1841 667 1877 status,
690 1838 828 1880 gradus,
852 1840 984 1880 ordinis,
1008 1842 1169 1883 qualitatis
1189 1849 1216 1875 et

466 1889 677 1931 conditionis,
700 1892 795 1925 etiam
817 1893 841 1925 si
863 1895 1084 1928 universitates
1104 1902 1131 1929 et
1155 1898 1218 1930 col—

465 1941 546 1985 legia
567 1944 697 1985 suerint,
719 1957 737 1978 a
758 1946 1081 1982 condemnationibus
1103 1951 1216 1983 liuius-

465 1996 550 2029 modi
571 2003 602 2030 et
621 1999 785 2033 sententiis
807 2000 946 2045 desuper
962 2002 1051 2042 latis,
1072 2014 1126 2036 seu
1144 2004 1216 2037 illae

464 2051 643 2085 definitivae
693 2054 809 2087 fuerint
854 2066 909 2088 seu
954 2056 1215 2092 interlocutoriae

463 2110 518 2138 aut
537 2105 599 2138 vim
626 2106 806 2141 definitivae
834 2109 1007 2149 habentes,
1031 2112 1211 2154 appellare,

464 2168 637 2201 provocare
657 2165 712 2193 aut
731 2161 769 2194 de
789 2162 934 2195 nullitate
955 2163 1082 2203 dicere,
1110 2175 1214 2208 neque

463 2213 703 2255 quomodolibet
725 2214 931 2258 interpositae
960 2218 1211 2260 appellationes,

464 2266 705 2309 provocationes
734 2273 763 2300 et
793 2269 947 2302 nullitatis
975 2270 1131 2304 dictiones
1152 2272 1212 2305 liu-

463 2318 600 2353 iusmodi
643 2332 702 2364 per
730 2323 857 2365 quosvis
883 2323 1004 2356 iudices
1032 2325 1213 2359 ordinarios

462 2373 508 2405 vel
529 2373 698 2417 delegatos,
725 2376 756 2408 in
778 2376 920 2409 Romana
939 2376 1032 2410 Curia
1055 2379 1101 2411 vel
1126 2384 1212 2411 extra

462 2437 532 2458 eam
549 2435 796 2469 commorantes,
809 2430 904 2463 etiam
924 2442 982 2474 per
997 2432 1210 2465 camerarium

461 2481 607 2509 nostrum
635 2489 671 2510 ac
705 2480 921 2522 praesidentes
947 2485 975 2512 et
1005 2480 1138 2513 clericos·
1163 2481 1211 2514 tli-

461 2529 528 2557 ctae
548 2525 699 2560 Gamerae
713 2554 720 2567 ‚
743 2538 870 2561 necnon
895 2529 1037 2562 eiusdem
1058 2529 1210 2563 Gamerae

460 2574 660 2617 Apostolicae
682 2587 852 2610 causarum
881 2579 1063 2621 generalem
1085 2579 1208 2612 audito-

460 2632 541 2664 rem,
558 2624 730 2658 modernos
746 2631 774 2658 et
793 2637 851 2670 pro
867 2632 1012 2670 tempore
1028 2628 1209 2669 existentes,

459 2678 513 2706 aut
533 2683 645 2707 eorum
665 2674 818 2718 aliquem,
832 2675 891 2709 sub
903 2675 1131 2719 indignationis
1151 2688 1210 2711 no-

1085 286 1264 312 BULLARIUM
1286 286 1437 313 ROMANUM

1280 345 1363 374 strae
1397 351 1434 373 ae
1463 340 1806 376 excommunicationis
1827 353 1948 388 poena,
1977 355 2029 378 re-

1279 393 1342 437 cipi
1372 405 1427 427 seu
1457 394 1579 427 admitti
1600 395 1741 439 possint,
1780 397 1839 430 nisi
1869 399 1959 442 prius
1986 399 2030 433 eis

1278 453 1308 480 et
1324 458 1436 480 eorum
1454 448 1585 482 cuilibet
1600 460 1658 493 per
1673 450 1802 494 publica
1818 451 2030 486 instrumenta

1278 501 1413 534 constito
1441 502 1540 544 quod,
1566 508 1638 535 ante
1668 502 1888 548 interpositam
1912 517 2029 539 unam-

1277 564 1439 597 quamque
1473 555 1721 599 appellationem
1750 568 1806 591 seu
1827 559 2028 602 provocatio-

1276 617 1349 639 nem
1370 608 1418 640 vel
1438 608 1593 642 nullitatis
1617 609 1801 651 dictionem,
1826 612 1850 644 si
1877 613 2029 646 condem-

1275 661 1361 694 natio
1382 661 1543 695 contineat
1563 674 1699 707 poenam
1720 666 1940 709 pecuniariam
1970 678 2028 700 seu

1275 714 1412 756 pecunia
1459 716 1714 757 aestimabilem,
1749 718 1845 752 fuerit
1882 720 2026 754 eiusdem

1274 777 1396 809 poenae
1432 779 1487 801 seu
1523 769 1609 802 illius
1644 771 1873 806 aestimationis
1906 774 2026 807 factum

1272 819 1438 862 integrale,
1461 824 1586 856 actuale
1606 830 1637 857 et
1657 836 1774 868 purum
1791 827 1971 871 depositum
1993 829 2026 862 in

1271 875 1421 908 manibus
1441 876 1632 910 thesaurarii
1652 878 1835 921 provinciae
1857 880 1953 914 illius.
1978 882 2025 915 Ad

1271 928 1358 972 quod
1378 929 1508 972 quidem
1529 931 1654 964 actuale
1675 937 1705 965 et
1726 932 1880 976 integrale
1900 935 2025 979 deposi-

479 977 611 1011 rabilius
622 981 732 1023 esset),
746 982 799 1014 sed
816 983 921 1021 etiam,
940 985 1230 1027 provenienteinde
1271 987 1338 1014 tum
1370 993 1593 1027 quoscumque
1627 986 1729 1018 ῑθΠΘΓῙ
1762 987 1910 1021 VOlUfflUS
1923 1015 1930 1029 ‚
1963 989 2024 1023 ssiSi

1249 1044 1250 1050 ¹
1270 1036 1377 1068 forsan
1398 1047 1524 1071 summa
1545 1039 1747 1083 deponenda,
1771 1048 1918 1086 respectu
1946 1054 2021 1087 per-

1269 1099 1365 1122 sonae
1387 1091 1630 1132 condemnatae,
1653 1092 1691 1126 sit
1725 1093 1804 1127 adeo
1838 1105 1952 1139 magna
1973 1102 2019 1138 ut,

1269 1142 1412 1186 inspecta
1431 1144 1609 1187 quantitate
1638 1151 1669 1178 et
1701 1147 1854 1190 qualitate
1884 1148 2020 1184 faculta-

1268 1200 1335 1228 tum
1357 1196 1479 1240 ipsius,
1502 1208 1567 1230 non
1589 1198 1656 1231 sine
1678 1199 1816 1234 maximo
1836 1200 2017 1245 dispendio,

1268 1248 1299 1280 in
1320 1249 1406 1282 brevi
1428 1251 1581 1294 temporis
1602 1252 1704 1294 spatio
1725 1253 1885 1295 provideri
1905 1256 2015 1299 possit.

1266 1301 1333 1340 Quo
1349 1313 1437 1343 casu,
1452 1303 1557 1336 habita
1580 1304 1641 1337 fide
1662 1316 1760 1348 super
1782 1306 1843 1340 hoc
1863 1318 1880 1341 a
1900 1309 2020 1352 guber-

1265 1361 1376 1387 natore
1409 1367 1466 1388 seu
1498 1356 1672 1401 vicelegato
1700 1358 1786 1392 illius
1814 1360 2015 1404 provinciae,

476 1411 567 1438 tuum
588 1407 721 1441 valitura
738 1409 965 1452 declaratione,
980 1413 1182 1448 ordinatione
1195 1422 1221 1449 et
1264 1408 1363 1451 quod,
1382 1409 1590 1443 COssSlderflfiS
1605 1411 1765 1454 praefati&
1785 1413 2018 1449 COssdssfflssffiUS

1243 1473 1245 1494 t
1264 1461 1386 1504 integre
1407 1463 1568 1506 deponere
1589 1474 1654 1496 non
1674 1465 1787 1506 valeat,
1809 1468 1958 1501 volumus
1978 1468 2017 1502 ad

1264 1515 1442 1550 medietatis
1468 1527 1524 1550 seu
1552 1518 1683 1551 alterius
1703 1518 1837 1553 minoris
1857 1531 2014 1563 summae,

1262 1575 1359 1613 prout
1393 1581 1522 1603 reorum
1544 1571 1710 1605 facultates
1731 1583 1823 1616 posse
1848 1573 1932 1608 ferre
1959 1585 2017 1619 per

1262 1622 1362 1655 dictos
1382 1624 1614 1666 gubernatores
1648 1636 1704 1658 seu
1724 1626 1915 1670 vicelegatos
1934 1628 2016 1662 iudi-

1261 1676 1405 1715 cabitur,
1445 1678 1678 1722 depositionem
1717 1681 1850 1714 omnino
1890 1682 2013 1726 teneri,

1260 1730 1436 1764 dummodo
1457 1732 1518 1765 hoc
1538 1743 1614 1766 casu
1645 1740 1807 1777 praestent
1827 1736 2011 1771 cautionem

1260 1784 1414 1817 informa
1435 1785 1572 1829 depositi
1601 1787 1640 1820 de
1667 1789 1818 1822 solvendo
1846 1789 2013 1824 residuum

1260 1848 1393 1881 poenae,
1417 1839 1448 1872 in
1469 1851 1532 1883 qua
1553 1841 1756 1875 condemnati
1778 1843 1909 1885 fuerint,
1931 1844 2014 1878 infra

1258 1902 1396 1932 annum,
1420 1893 1480 1926 nisi
1510 1895 1745 1928 absolutionem
1767 1897 1908 1940 legitime
1928 1898 2011 1932 obti-

1258 1946 1389 1979 nuerint
1413 1952 1442 1979 et
1470 1947 1508 1980 de
1539 1949 1701 1991 praedicta
1730 1950 1932 1985 absolutione
1952 1952 2010 1985 do-

1258 2000 1400 2040 cuerint,
1421 2001 1597 2035 dummodo
1618 2013 1677 2046 per
1704 2014 1762 2036 nos
1797 2004 1846 2037 vel
1866 2005 2010 2048 signatu-

1257 2064 1324 2086 ram
1343 2054 1429 2087 aliud
1450 2066 1548 2099 super
1567 2056 1652 2089 dicto
1673 2057 1830 2101 deposito,
1853 2059 1949 2093 citato
1964 2065 2010 2094 ta-

1257 2118 1329 2139 men
1350 2118 1478 2151 semper
1498 2108 1587 2149 fisco,
1608 2110 1793 2143 ordinatum
1823 2122 1880 2145 seu
1899 2111 2010 2147 decre-

1256 2167 1322 2194 tum
1344 2172 1408 2194 non
1430 2162 1536 2195 fuerit.

2047 289 2098 316 An.
2117 289 2231 318 01562

1299 2215 1313 2257 ξ
1333 2215 1363 2247 3.
1388 2215 1424 2247 Et
1444 2215 1469 2248 si
1498 2226 1601 2259 poena
1628 2216 1667 2249 sit
1687 2217 1844 2262 capitalis,
1867 2219 2005 2263 pecunia
2020 2232 2204 2262 Declaratioqno-

1254 2278 1318 2300 non
1339 2268 1557 2309 aestimabilis,
1576 2270 1635 2303 nisi
1656 2270 1745 2314 prius
1765 2272 1833 2316 ipso
1855 2273 2004 2306 condem-

2019 2265 2044 2285 ad
2086 2266 2204 2292 capitaliter

2018 2296 2170 2317 condemnatos
2181 2299 2203 2317 et

1254 2327 1327 2354 nato
1363 2322 1394 2354 in
1425 2323 1609 2357 carceribus
1639 2325 1828 2365 constituto,
1851 2336 1887 2359 ac
1908 2327 2003 2360 etiam
2018 2329 2122 2362 ⁰9¹¹¹¹¹¹³⁵⁵=
2160 2334 2201 2349 ‘¹⁰¹¹

2017 2360 2128 2383 signandas
2160 2360 2202 2380 nisi

1253 2376 1336 2408 facto
1357 2376 1501 2419 deposito
1518 2378 1671 2420 praefato,
1683 2379 1794 2411 talium
1815 2380 2001 2424 appellatio·
2017 2390 2067 2410 fisco
2083 2393 2103 2410 et
2114 2390 2203 2411 thesau-

1253 2439 1348 2467 num,
1372 2431 1635 2473 provocationum
1657 2437 1686 2465 et
1706 2432 1889 2466 nullitatum
1911 2445 2000 2467 com—

1253 2482 1419 2516 missiones
1439 2484 1556 2527 signari
1570 2511 1578 2525 ,
1600 2492 1654 2518 aut
1674 2486 1751 2519 alias
1779 2487 2000 2522 iurisdictione

1252 2533 1413 2566 ordinaria
1430 2544 1486 2577 per
1502 2534 1624 2567 iudices
1645 2536 1925 2578 supranominatos
1943 2549 2000 2572 seu

1251 2581 1350 2621 alios,
1378 2581 1605 2623 inhibitiones,
1642 2583 1813 2618 monitoria
1841 2591 1895 2618 aut
1925 2586 2000 2620 cita-

1250 2629 1354 2663 tiones
1374 2638 1462 2663 extra
1486 2631 1615 2664 Curiam
1640 2631 1768 2665 decerni
1789 2639 1820 2666 et
1843 2635 1996 2678 expediri,

1249 2679 1296 2711 vel
1318 2690 1376 2723 per
1396 2690 1509 2714 eorum
1533 2680 1675 2715 notarios
1698 2682 1794 2716 scribi
1814 2689 1844 2717 et
1864 2684 2000 2720 relaxari

2016 2422 2072 2441 rariu
2087 2422 2167 2442 citatis.
