2237 3100
898 248 993 273 1111)οΧ
1013 248 1121 273 RERUM
1655 241 1742 276 1005

319 300 471 335 hebraeis
491 306 615 342 emunt,
639 301 781 345 pretium
803 301 924 345 absque
945 301 1094 334 cautione
1111 301 1248 342 solvant;
1271 307 1326 335 aut
1347 301 1401 336 illa
1421 312 1495 336 eum
1514 302 1675 337 fructibus
1695 305 1788 338 resti-

321 360 424 395 tuant,
440 355 519 388 ibid.
537 354 670 396 Delicta,
682 355 795 397 paucis
808 355 961 398 exceptis,
974 366 991 388 a
1004 355 1130 388 iudaeis
1141 361 1265 399 patrata
1280 355 1504 396 remittuntur,
1518 356 1596 389 ibid.
1611 356 1788 396 Querelans

319 413 432 441 contra
459 418 526 448 eos,
549 408 720 441 occasione
750 408 925 441 exactionis
950 408 1045 448 lucri,
1068 413 1174 451 potest
1194 408 1319 451 integro
1341 418 1425 441 anno
1447 409 1601 452 prosequi
1619 410 1787 453 querelam

318 466 469 504 respectu
490 471 627 504 poenae,
654 461 733 493 ibid.
757 462 785 494 b.
813 461 1028 504 praescriptio
1054 461 1133 495 iuris
1155 462 1338 494 eommunis
1370 467 1483 494 contra
1508 461 1642 495 iudaeos
1666 463 1787 506 opponi

317 519 432 559 potest,
452 514 532 547 ibid.
556 513 708 547 Officinas
729 519 816 547 extra
833 514 1005 557 proprium
1026 520 1153 558 septum
1175 515 1418 548 111110011101)010
1435 521 1579 558 possunt,
1599 515 1678 548 ibid.
1702 515 1788 548 Libri

318 574 425 601 tamen
446 577 560 600 eorum
582 566 625 599 nil
646 566 786 610 probant
799 572 912 600 contra
933 567 1139 607 christianos,
1160 568 1220 600 nisi
1242 567 1354 611 scripti
1375 567 1484 601 italico
1498 578 1658 607 sermone,
1673 567 1738 602 170
1754 579 1785 601 α.

317 621 454 663 Signum
475 620 515 652 ab
543 619 664 653 eisdem
691 620 918 660 deserendum,
941 620 1006 653 439
1027 632 1058 653 a.
1087 621 1197 653 Iudaei
1220 621 1305 654 hona
1325 621 1451 654 stabilia
1476 621 1616 654 vendere
1637 626 1789 655 tenentur

316 674 376 707 sub
397 683 503 717 poena
523 672 770 716 perduellionis,
786 672 851 705 514
871 674 908 713 b,·
929 673 980 706 cui
993 683 1070 706 sane
1087 674 1222 706 iussioni
1238 685 1313 707 011111
1330 674 1469 707 illudere
1484 674 1580 707 variis
1600 674 1789 708 fictionibus

320 729 483 767 studeant,
496 728 640 761 Pontifex
654 728 743 761 iubet
759 729 905 761 nondum
926 739 1039 761 revera
1058 729 1188 762 vendita
1202 729 1241 761 ab
1259 740 1372 762 eorum
1390 729 1460 763 iure
1478 729 1613 763 distrahi
1628 735 1659 763 et
1674 729 1787 763 domui

316 782 629 816 catechumenorum
650 782 690 815 de
711 781 795 815 Urbe
815 782 985 825 applicari,
1002 782 1066 814 515
1087 793 1117 814 11.
1141 783 1279 815 Caussae
1300 793 1412 817 omnes
1438 794 1537 828 super
1553 784 1613 817 hoc
1630 789 1736 818 motae
1761 789 1791 818 ct

317 836 494 869 movendae
515 836 621 869 dictae
641 836 758 868 domus
779 835 1124 878 cardinaliprotectori
1146 835 1343 869 decidendae
1364 837 1623 877 committuntur,
1655 837 1735 871 ibid.
1758 838 1786 870 b.

316 889 427 922 ludaei
439 898 552 922 01111105
564 889 773 932 expelluntur
786 889 1131 923 alocis(lomi11iiS.R.
1146 889 1321 930 Ecclesiae,
1333 889 1476 923 1101111101
1490 891 1621 924 Ancona
1637 890 1789 934 exceptis,

316 941 375 975 7411
400 953 432 975 a.
454 942 677 975 Renitentium
694 952 830 986 poenae,
854 942 932 975 ibid.

229 996 282 1029 Ius
302 995 530 1040 praesentandi
552 1006 609 1029 5011
630 996 821 1029 nominandi
845 996 885 1029 ad
906 996 1065 1029 beneficia
1090 996 1319 1036 ecclesiastica,
1346 997 1548 1041 principibus
1574 1003 1604 1031 et
1623 997 1788 1042 quibusvis

318 1048 389 1081 aliis
410 1058 615 1089 concessum,
638 1049 678 1081 ad
699 1049 856 1082 foeminas
878 1059 943 1082 11011
964 1049 1159 1089 extenditur,
1192 1049 1233 1082 76
1254 1050 1282 1082 b.
1313 1049 1346 1083 V.
1369 1049 1560 1084 Franciscus
1584 1051 1608 1091 Ι,
1640 1050 1789 1084 Hieroso-

318 1101 509 1146 lymitanum
535 1102 775 1143 nosocomium,
793 1102 1106 1146 Hierosolymitanus
1130 1102 1226 1136 Ordo.

230 1155 371 1190 Iustinae
386 1156 449 1199 (S.)
470 1156 690 1199 congregatio.
721 1156 754 1189 V.
773 1156 1014 1189 Lateranenses.

965 1335 997 1373 ¹1

228 1471 457 1507 Lancianensis
478 1471 626 1505 ecclesia.
653 1471 686 1503 V.
710 1471 885 1505 Tlieatinus
906 1470 1187 1515 archiepiscopus.

227 1526 458 1560 Lateranenses
473 1525 537 1558 sive
558 1525 611 1558 SS.
632 1524 803 1558 Salvatoris
815 1525 963 1558 canonici
986 1525 1153 1568 regulares
1175 1537 1192 1559 a
1212 1526 1356 1560 Summis
1370 1526 1583 1559 Pontificibus
1602 1527 1789 1570 complures

319 1579 439 1623 gratias
452 1579 678 1620 obtinuerunt,
701 1578 767 1612 184
778 1590 809 1612 a.
825 1578 1066 1613 Declarationes
1081 1579 1167 1613 circa
1183 1580 1361 1623 praedicta,
1382 1580 1461 1613 ibid.
1485 1581 1513 1613 b.
1535 1579 1788 1614 Constitutiones

317 1633 495 1666 nonnullae
515 1633 555 1665 ab
576 1643 690 1666 eorum
711 1633 964 1676 congregatione
985 1633 1102 1673 editae,
1125 1633 1204 1666 ibid.
1227 1634 1315 1672 Quae
1330 1635 1441 1667 onmia
1462 1634 1633 1667 confirmat
1645 1634 1721 1666 Pius
1736 1633 1787 1673 lV,

317 1686 383 1720 185
402 1697 433 1719 a.
457 1685 612 1720 Canonici
623 1685 781 1729 praedicti
794 1691 918 1719 certant
933 1686 973 1719 de
994 1687 1223 1729 praecedentia
1237 1698 1312 1720 curn
1327 1687 1579 1731 congregatione
1595 1687 1788 1728 Cassincnsi,

319 1740 398 1773 alias
413 1739 446 1774 S.
469 1740 611 1773 Iustinae
627 1740 667 1773 de
680 1739 801 1780 Padua,
823 1739 952 1773 Ordinis
968 1739 1000 1773 S.
1014 1740 1193 1780 Benedicti,
1212 1740 1277 1773 ν273
1288 1752 1319 1774 α.
1336 1741 1437 1774 Litem
1454 1741 1529 1774 Pius
1542 1741 1579 1774 lv
1593 1740 1787 1773 audiendam

318 1793 422 1826 tribus
443 1792 664 1826 cardinalibus
686 1792 869 1833 committit,
889 1792 1015 1836 sibique
1036 1793 1252 1834 referendam,
1266 1794 1343 1827 ibid.
1368 1794 1396 1827 b.
1415 1794 1474 1834 Qui
1496 1794 1786 1837 referuntpraece-

318 1847 461 1881 dentiam
477 1846 643 1880 canonicis
654 1845 805 1887 dandam,
822 1846 901 1879 ibid.
922 1846 1065 1879 Pontifex
1076 1846 1195 1880 iccirco
1206 1847 1643 1890 pronunciat.Lateranenses
1657 1858 1787 1890 praece-

314 1901 392 1934 dere
405 1900 624 1939 Cassinenses·,
636 1899 768 1933 abbates
783 1910 859 1933 vero
872 1899 1042 1942 utriusque
1054 1900 1196 1940 Ordinis,
1210 1901 1345 1934 seorsim
1359 1901 1523 1940 incedere,
1541 1901 1649 1934 habita
1663 1900 1787 1934 ratione

315 1953 515 1998 antiquitatis
535 1953 763 1998 promotioniS,
778 1952 843 1986 ⁶274
859 1964 889 1986 11.
908 1953 1014 1987 Το1101·
1029 1954 1220 1994 sententiae,
1240 1953 1304 1987 276
1325 1966 1345 1987 α
1365 1960 1396 1987 ct
1415 1965 1476 1998 seq.
1496 1954 1606 1988 PiusV
1620 1954 1785 1988 canonicis

318 2008 486 2053 prohibet,
514 2007 573 2040 sul)
598 2007 711 2050 poenis
737 2007 1095 2047 excommunicafionis,
1123 2008 1312 2051 privationis
1342 2008 1537 2051 dignitatum
1567 2007 1722 2051 aliisque,
1746 2019 1786 2042 ne

318 2061 391 2106 quis
405 2071 519 2095 eorum
537 2066 675 2094 tractare
692 2061 811 2094 audeat
830 2061 869 2094 de
886 2061 1002 2095 officiis
1017 2063 1235 2105 generalatus,
1254 2062 1455 2095 visitatorum
1472 2068 1503 2095 et
1514 2062 1786 2106 praelaturarum,

317 2115 379 2149 nisi
400 2115 433 2148 in
454 2115 598 2159 capitulo
619 2114 776 2157 generali,
804 2114 868 2147 8⁴12
893 2126 924 2148 α.
952 2115 1166 2159 Congregatio
1192 2115 1355 2149 licentiam
1377 2116 1499 2149 obtinet
1526 2115 1712 2149 celebrandi
1733 2115 1786 2149 die

319 2168 483 2202 dominica
507 2168 625 2202 festum
649 2168 681 2201 S.
709 2167 879 2211 Augustini
904 2169 952 2202 vel
979 2170 1048 2202 01115
1073 2174 1234 2210 octavam,
1263 2169 1288 2202 si
1319 2169 1404 2203 dicta
1429 2169 1481 2202 die
1507 2169 1728 2210 occurrerint,
1755 2175 1787 2202 et

318 2221 537 2266 quorumdam
562 2221 702 2254 aliorum
727 2227 915 2255 sanctorum
946 2222 1025 2255 festa
1055 2223 1242 2256 celebrandi
1269 2222 1449 2256 secundum
1474 2222 1644 2265 antiquum
1666 2221 1785 2263 ritum,

318 2274 383 2309 575
402 2275 432 2308 b.
460 2275 614 2308 Canonici
638 2281 807 2318 nequeunt
828 2276 860 2308 in
893 2275 1043 2320 capitulis
1067 2287 1179 2310 vocem
1213 2276 1349 2309 activam
1381 2281 1436 2309 aut
1462 2275 1619 2319 passivam
1645 2275 1784 2316 habere,

317 2328 379 2362 nisi
406 2328 439 2362 in
459 2329 560 2362 sacris
579 2329 644 2362 sint
667 2329 843 2369 constituti,
865 2329 930 2363 953
946 2330 974 2362 b.
996 2329 1082 2368 Quae
1110 2330 1229 2363 servari
1251 2330 1390 2363 debeant
1419 2329 1451 2361 in
1483 2328 1699 2362 electionibus
1728 2340 1785 2373 ge-

317 2382 437 2415 neralis
462 2382 668 2425 aliorumque
684 2382 885 2423 officialium,
909 2384 988 2416 ibid.
1013 2390 1122 2427 etseq.
1145 2383 1329 2427 Capitulum
1350 2382 1502 2425 generale
1522 2382 1670 2426 quolibet
1688 2381 1787 2418 trien-

318 2439 373 2471 nio
396 2436 641 2477 celebrandum,
663 2436 728 2470 955
748 2437 780 2477 b;
813 2437 919 2470 diaeta
945 2437 1091 2481 quolibet
1121 2449 1217 2479 anno,
1241 2437 1305 2471 956
1325 2448 1357 2470 α,
1380 2436 1491 2470 Officia
1511 2437 1688 2480 generalis,
1708 2437 1785 2470 visi-

317 2497 459 2525 tatorum
481 2496 512 2524 et
533 2491 755 2534 procuratoris
785 2490 925 2525 triennio
943 2491 1134 2535 explentur,
1166 2492 1306 2524 aliorum
1330 2501 1405 2523 vero
1432 2490 1619 2523 officialium
1636 2489 1785 2532 biennio,

317 2545 396 2578 ibid.
419 2544 487 2584 Qua
514 2544 640 2577 ratione
659 2545 897 2588 providendum
915 2545 1042 2585 officiis,
1070 2545 1237 2589 praedicto
1256 2544 1396 2577 triennio
1418 2544 1464 2577 vel
1485 2543 1618 2577 hiennio
1638 2544 1784 2578 nondum

316 2598 438 2642 elapso,
460 2597 659 2639 vacantibus,
688 2598 768 2631 ibid.
796 2599 826 2632 b.
862 2598 1026 2632 Bonorum
1056 2598 1286 2643 temporalium
1319 2596 1556 2631 administratio
1581 2596 1784 2642 praefinitur,

318 2651 399 2685 ibid.
429 2651 463 2684 V.
484 2651 672 2695 Regulares.
