2237 3100
257 277 306 303 An.
323 277 353 305 C.
373 275 439 306 15622

263 1239 380 1260 Pensiones
395 1245 432 1259 su-

249 1276 287 1297 per
303 1270 372 1291 benet
394 1272 433 1290 mi-

249 1302 307 1322 litiae
354 1302 432 1327 imponi

248 1338 290 1353 non
302 1333 390 1358 possint,
401 1333 433 1351 ni-

250 1365 266 1384 ti
283 1370 320 1390 pro
336 1363 433 1390 personis

249 1396 318 1416 dict-ue
335 1394 431 1415 militiae

273 2139 354 2165 Indulg.
376 2139 433 2165 plen.

251 2178 290 2198 pro
334 2170 434 2191 militibus

251 2204 272 2223 in
296 2203 433 2228 expeditione

251 2232 435 2255 eontrainfideles

251 2264 285 2285 vel
315 2264 436 2284 haereticos

253 2296 412 2317 decedentibus.

498 265 562 300 164

453 328 697 372 quomodolibet
716 328 917 370 assignanda,
941 326 1146 360 concedenda
1175 331 1205 358 et

453 382 655 426 applicanda,
688 382 746 414 sub
767 381 931 425 quibusvis
960 380 1106 419 decimis,
1127 379 1204 412 sub-

453 435 550 475 sidiis,
584 436 718 480 aliisque
743 435 912 469 ordinariis
932 440 960 467 ct
986 433 1203 467 extraordina-

453 487 507 521 riis
528 489 691 529 oneribus,
715 500 773 532 per
792 499 850 521 nos
870 493 898 520 61
919 488 1080 520 Romanos
1095 485 1203 519 Ponti-

453 542 528 575 fices
554 554 611 586 pro
640 549 785 585 tempore
815 541 996 581 existentes,
1027 551 1063 573 ac
1089 540 1204 573 Sedem

452 595 680 638 Apostolicam,
695 606 731 628 ex
742 594 852 637 quavis
869 605 977 634 causa,
1000 593 1204 637 quantumvis

452 649 642 685 necessaria,
666 649 760 681 ctiam
788 659 845 691 pro
865 646 1013 681 Cruciata
1040 648 1155 680 Sancta
1175 652 1203 680 et

452 702 635 735 defensione
683 707 793 734 contra
840 701 986 734 infideles
1019 701 1205 734 nullatenus

452 755 781 798 comprehendantur,
804 765 909 797 neque
930 754 969 787 ad
989 754 1120 787 illorum
1150 765 1205 787 an-

450 814 677 852 natarumque‚
714 820 769 841 seu
791 808 921 841 illorum
942 808 1107 853 dimidiam
1136 808 1203 841 fru-

450 867 574 903 ctuum,
606 862 791 895 reddituum
820 867 850 894 et
869 866 1085 906 proventuum
1105 862 1203 895 bene-

448 911 598 948 ficiorum
620 921 649 949 et
671 916 702 948 111
729 915 860 948 illorum
891 915 1128 958 provisionibus
1157 916 1203 948 fa-

449 968 596 1002 ciendam
627 969 820 1003 solutionem
858 974 1043 1009 teneantur,
1075 969 1129 1002 sed
1164 969 1203 1002 ab

449 1021 512 1056 illis
533 1028 664 1066 excepta
692 1023 755 1056 sint
781 1027 810 1055 et
831 1033 898 1055 6556
920 1029 1122 1062 censeantur,
1144 1022 1203 1055 nisi

448 1086 485 1108 63
523 1087 605 1120 quae
641 1077 796 1109 hactenus
830 1075 983 1108 oneribus
1016 1076 1203 1110 huiusmodi

448 1128 566 1162 fuerint
587 1135 617 1163 61
637 1130 676 1163 116
697 1130 857 1174 praesenti
878 1134 952 1161 511111
971 1128 1120 1162 obnoxia.

493 1183 507 1226 ξ
528 1183 558 1216 7.
582 1184 616 1216 Et
638 1183 725 1227 quod
745 1183 835 1216 nulla
851 1182 962 1226 pensio
982 1193 1088 1215 annua
1106 1194 1205 1227 super

448 1235 585 1269 3116111115
606 1237 817 1270 commendae
832 1236 879 1269 161
901 1235 1033 1268 alterius
1053 1236 1203 1270 beneficii

449 1289 581 1323 militiae
607 1290 794 1323 huiusmodi
823 1289 982 1322 fructibus
1003 1300 1040 1322 ex
1060 1290 1202 1333 resigna-

450 1343 534 1376 tiouc
560 1344 591 1376 11]
617 1344 767 1377 manibus
792 1342 928 1376 Romani
948 1343 1112 1376 Pontiticis
1149 1350 1205 1377 aut

448 1396 509 1429 alia
525 1397 636 1440 quavis
656 1396 815 1441 probabili
840 1407 953 1436 causa,
986 1396 1046 1429 nisi
1076 1396 1107 1429 in
1129 1408 1203 1441 per-

448 1461 526 1484 sona
545 1462 702 1495 personae
725 1451 827 1483 dictae
848 1450 1000 1489 militiae,
1030 1450 1124 1483 etiam
1146 1462 1204 1495 per

449 1504 553 1548 ipsum
574 1504 763 1537 Pontificem
784 1503 957 1543 reservari,
979 1513 1085 1546 neque
1114 1515 1202 1537 com-

449 1558 583 1591 mendae
605 1564 635 1591 et
665 1558 726 1591 alia
750 1556 908 1590 beneficia
938 1556 1041 1590 dictae
1071 1557 1202 1592 militiae

449 1611 658 1655 pensionibus
691 1610 879 1645 huiusmodi
909 1610 1001 1644 aliter
1030 1616 1128 1654 quam
1169 1618 1204 1645 ut

448 1666 630 1709 praefertur
664 1665 791 1698 onerari
813 1663 946 1709 possint.
970 1664 1007 1696 Et
1031 1663 1056 1697 51
1077 1665 1203 1708 pensio-

448 1729 506 1751 nes
540 1719 679 1763 desuper
703 1719 795 1752 aliter
828 1717 984 1761 assignari
1019 1718 1201 1762 contingat,

450 1772 680 1815 assignationes
713 1773 800 1816 ipsae
830 1771 951 1804 nullius
984 1771 1046 1804 sint
1078 1772 1204 1806 roboris

449 1827 496 1859 vel
517 1827 683 1867 momenti,
716 1837 774 1859 nec
800 1825 944 1858 titulares
968 1825 1203 1859 beneficiorum

449 1880 635 1912 huiusmodi
655 1880 694 1912 ad
715 1879 844 1912 illarum
871 1878 1047 1912 solutiones
1071 1884 1203 1912 tenean-

449 1935 519 1969 tur,
556 1940 660 1972 neque
690 1929 729 1961 ad
750 1928 781 1961 id
802 1928 947 1960 censuris
980 1927 1204 1962 ecclesiasticis

449 1978 584 2021 aliisque
605 1978 718 2022 poenis
751 1977 902 2021 compelli
932 1977 1073 2021 possint,
1109 1978 1203 2011 etiam

449 2027 619 2060 statuimus
639 2032 667 2060 et
692 2027 891 2060 ordinamus.

493 2076 508 2119 ξ
528 2076 559 2109 8.
582 2076 766 2120 Propterea,
787 2081 819 2109 ut
842 2075 902 2119 ipsi
914 2074 1031 2107 milites
1042 2074 1203 2109 Ecclesiae

449 2126 625 2158 catholicae
646 2126 857 2168 fideliumque
882 2124 1101 2157 defensionem
1130 2137 1204 2158 con-

451 2179 497 2206 tra
517 2174 663 2207 infideles
674 2175 782 2207 animo
799 2173 1010 2217 frequentiori
1034 2173 1046 2200 ‘l
1070 2174 1203 2208 minori-

450 2235 512 2267 que
533 2223 715 2267 perdendae
736 2223 818 2256 lucis
837 2223 1018 2262 humanae,
1048 2223 1073 2255 si
1100 2229 1203 2257 aeter-

451 2283 525 2304 nam
538 2272 610 2305 inde
621 2272 870 2305 nanciscendam
883 2276 1100 2315 prospectant,
1116 2279 1202 2305 metu

452 2322 643 2366 suscipiant,
680 2322 718 2354 de
748 2320 975 2365 omnipotentis
994 2320 1049 2353 Dei
1078 2321 1203 2354 miseri—

452 2372 574 2411 cordia,
596 2383 633 2405 36
653 2371 821 2404 beatorum
849 2371 933 2414 Petri
954 2375 985 2402 et
1011 2369 1101 2403 Pauli
1131 2381 1205 2414 apo-

452 2421 607 2453 stolorum
630 2421 698 2453 61115
719 2419 907 2452 auctoritate
928 2418 1053 2456 contisi,
1076 2419 1203 2453 11111161·-

452 2468 493 2500 515
513 2476 541 2501 61
564 2469 696 2512 singulis
724 2469 879 2502 militibus
906 2473 935 2501 61
964 2467 1033 2500 31115
1059 2468 1203 2501 eiusdem

452 2518 583 2551 militiae
605 2517 761 2562 1161501115,
784 2518 839 2560 qui
858 2517 891 2549 111
906 2516 1120 2560 expeditione,
1140 2523 1202 2550 tam

452 2566 611 2599 maritima
636 2577 732 2609 quam
753 2566 912 2606 terrestri,
944 2571 1055 2598 contra
1089 2565 1202 2599 inlide-

451 2616 498 2648 les
521 2616 569 2648 vel
597 2615 775 2648 haereticos
808 2615 927 2648 nedum
956 2614 1127 2648 hostilibus
1155 2626 1204 2648 ar-

489 2670 500 2696 ¹
522 2670 700 2702 Fervenuori,
717 2668 831 2696 Cherub.
851 2668 887 2704 (n.
910 2668 957 2703 1.).

1051 272 1231 297 BULLARIUM
1255 271 1406 296 ROMANUM

1247 324 1307 358 mis
1324 352 1331 366 ‚
1369 324 1424 358 sed
1455 323 1550 357 etiam
1577 323 1640 356 alio
1667 322 1779 367 quovis
1804 320 1917 355 mortis
1945 326 1999 363 ge-

1246 389 1342 417 ncrc,
1373 378 1411 411 de
1432 377 1571 421 peccatis
1596 376 1661 410 suis
1681 376 1776 410 corde
1797 374 1945 415 contriti,
1970 379 2000 407 et

1247 442 1302 464 ore
1331 431 1480 472 confessi,
1511 432 1560 464 vel
1579 431 1692 464 saltem
1725 429 1849 464 statutis
1883 440 1901 462 3
1929 428 1999 461 iure

1247 484 1448 529 temporibus
1468 484 1642 518 confitendi
1663 484 1865 529 propositum
1880 481 2001 515 haben-

1246 538 1348 582 tibusj,
1385 537 1417 571 in
1441 538 1557 571 virtute
1581 537 1656 571 fidei
1681 537 1858 571 catholicae
1887 536 1999 569 deces-

1247 591 1355 624 serint.

1290 646 1305 689 {
1344 645 1376 679 9.
1416 646 1461 679 Ac
1494 651 1559 678 tam
1596 644 1752 678 militibus
1789 650 1821 678 61
1854 644 2001 688 personis
2026 659 2108 687 lndulg.
2135 662 2198 682 enam
2236 672 2237 675 η

2014 691 2070 718 plen.
2087 696 2125 718 pro
2145 692 2199 711 visi-

2014 722 2107 743 tantibus
2127 723 2161 743 die
2182 729 2197 742 11

1247 764 1359 793 sexus,
1395 753 1491 786 etiam
1514 763 1588 786 vere
1614 752 1853 796 poenitentibus
1872 757 1902 785 et
1922 763 2000 786 con·
2014 754 2197 806 ffiffimfffl·

1247 699 1414 742 praefatis,
1441 710 1539 743 quam
1559 698 1723 742 quibusvis
1742 698 1812 732 aliis
1832 698 2000 743 utriusque

1246 805 1347 846 fessis,
1375 817 1431 839 seu
1453 806 1629 839 confitendi
1650 805 1852 850 propositum
1876 806 2001 840 haben-

1245 859 1344 901 tibus,
1367 865 1401 893 ut
1421 861 1616 904 praefertur,
1647 859 1702 903 qui
1731 859 1901 893 ecclesiam
1922 871 2001 893 con-

1246 918 1358 945 ventus
1377 911 1583 953 huiusmodi,
1619 924 1702 956 quae
1722 913 1781 947 sub
1801 912 2001 946 invocatione

1247 965 1354 998 Sancti
1388 967 1543 1011 Stephani
1581 967 1686 1010 Papae
1720 972 1751 1000 et
1783 967 1930 1011 martyris
1956 971 2002 1000 est

1246 1020 1465 1053 consecranda
1478 1047 1485 1060 ,
1517 1020 1551 1053 in
1584 1020 1710 1064 singulo
1743 1019 1794 1053 die
1827 1020 2002 1054 festivitatis

1247 1072 1390 1106 eiusdem
1421 1074 1528 1107 Sancti
1558 1074 1711 1118 Stephani
1739 1073 1845 1118 Papae
1864 1080 1895 1108 et
1915 1085 1999 1108 mar-

1246 1126 1332 1170 tyris,
1355 1127 1497 1160 secunda
1514 1127 1653 1171 augusti,
1690 1138 1706 1160 a
1727 1127 1841 1171 primis
1859 1128 2001 1172 vesperis

1246 1191 1348 1223 usque
1368 1181 1407 1214 ad
1428 1192 1581 1215 occasum
1598 1181 1674 1215 solis
1690 1181 1866 1215 festivitatis
1885 1181 2000 1215 huius-

1246 1234 1344 1275 modi,
1359 1235 1526 1268 annuatim
1539 1235 1650 1268 devote
1659 1234 1864 1276 visitaverint,
1878 1246 1926 1276 ac,
1941 1245 2001 1280 pro

1246 1298 1324 1331 pace
1353 1288 1436 1321 inter
1466 1288 1630 1333 principes
1668 1288 1859 1322 christianos
1888 1289 2000 1322 confo-

1245 1341 1359 1381 venda,
1373 1341 1616 1375 terOrationcm
1631 1341 1834 1375 Dominicam
1855 1347 1886 1375 et
1907 1341 2001 1376 toties

1246 1394 1478 1429 Salutationem
1499 1395 1685 1439 Angelicam
1697 1390 1909 1437 recitaverint,
1930 1396 1999 1440 ple-

1248 1448 1370 1482 nariam
1393 1449 1538 1482 omnium
1563 1454 1593 1482 et
1617 1449 1820 1492 singulorum
1849 1455 1999 1494 peccato-

1246 1513 1318 1535 rum
1346 1513 1481 1536 suorum
1514 1502 1747 1547 indulgentiam
1778 1508 1809 1537 et
1837 1503 1999 1537 remissio-

1245 1566 1331 1589 nem.

1289 1609 1304 1652 g
1324 1609 1377 1643 110.
1400 1609 1459 1649 Qui
1476 1620 1550 1643 vero
1571 1609 1609 1643 de
1629 1609 1723 1643 bonis
1743 1609 1802 1643 sibi
1822 1620 1840 1644 a
1859 1610 1924 1644 Deo
1935 1610 2000 1644 601-

1246 1662 1316 1695 13115
1337 1674 1435 1696 unam
1457 1663 1600 1696 eiusdem
1622 1663 1753 1697 militiae
1773 1664 1999 1698 commendam

1246 1716 1448 1749 fundaverint
1466 1717 1515 1750 161
1535 1717 1732 1758 dotaverint,
1755 1722 1810 1750 aut
1830 1718 2000 1752 conventui

1246 1775 1276 1802 61
1296 1770 1426 1803 militiae
1453 1771 1637 1814 praedictis,
1666 1771 1705 1804 ad
1731 1771 1801 1804 eius
1817 1771 1998 1805 subventio-

1245 1834 1319 1857 nem
1349 1830 1380 1857 et
1407 1835 1545 1857 onerum
1566 1824 1612 1857 illi
1636 1824 1895 1858 incumbentium
1925 1837 2000 1870 sup-

1246 1878 1479 1921 portandorum
1500 1889 1559 1922 pro
1580 1877 1716 1911 faciliori
1741 1879 1997 1922 supportatione,

1246 1931 1366 1975 aliquid
1379 1958 1386 1972 ,
1416 1932 1502 1965 iuxta
1518 1932 1708 1965 facultatum
1719 1942 1851 1965 suarum
1865 1932 1998 1966 modum
2014 1957 2018 1961 -

1246 1985 1398 2029 piamque
1431 1985 1655 2025 intentionem,
1677 1985 1866 2019 donaverint
1884 1987 1933 2020 vel
1952 1987 1999 2020 le-

1246 2039 1401 2081 gaverint,
1436 2050 1489 2073 eas
1509 2050 1621 2073 omnes
1650 2039 1885 2083 indulgentias,
1920 2051 2000 2085 quas

1246 2092 1413 2136 hospitalis
1440 2093 1470 2126 S.
1494 2093 1622 2126 Ioannis
1641 2093 1923 2137 Hierosolymitani
1942 2093 1999 2127 be-

1246 2145 1425 2180 nefactores
1459 2152 1722 2190 consequuntur,
1766 2146 1834 2179 sine
1867 2147 2000 2181 illorum

1247 2199 1457 2243 praeiudicio,
1483 2200 1735 2233 misericorditer
1755 2199 1786 2232 in
1801 2196 1937 2234 Domino
1961 2200 2001 2234 si-

1247 2253 1365 2286 militer
1401 2259 1557 2297 perpetuo
1591 2253 1799 2287 concedimus
1826 2258 1856 2286 et
1882 2253 1999 2298 elargi-

1246 2318 1330 2340 mur.

1290 2362 1305 2404 g
1325 2360 1377 2393 111.
1410 2362 1455 2394 Ac
1475 2361 1701 2405 indulgentias,
1732 2360 1912 2405 privilegia,
1945 2373 1998 2396 ex·
2012 2373 2122 2410 cumque
2137 2378 2198 2401 prae-

2012 2409 2139 2428 inmune.

1246 2415 1435 2458 emptiones,
1457 2420 1572 2448 statuta
1592 2420 1622 2448 et
1636 2415 1699 2448 alia
1714 2415 1889 2458 praemissa
1908 2416 1998 2450 nullo

1246 2474 1401 2506 umquam
1422 2470 1569 2508 tempore
1593 2464 1632 2497 de
1648 2463 1866 2508 subreptionis
1881 2465 1928 2498 vel
1944 2465 1999 2498 ob-

1246 2512 1400 2555 reptionis
1419 2519 1474 2547 aut
1498 2513 1652 2547 nullitatis
1680 2512 1754 2545 vitio
1774 2514 1823 2546 vel
1848 2513 1998 2548 intentio—

1245 2560 1293 2593 nis
1313 2567 1440 2595 nostrae
1460 2562 1587 2595 defectu
1611 2561 1715 2595 notari
1739 2562 1787 2595 161
1814 2562 1999 2607 impugnari

1245 2620 1354 2652 posse:
1385 2621 1490 2655 neque
1513 2611 1572 2644 sub
1592 2610 1756 2654 quibusvis
1775 2611 1930 2645 similium
1948 2612 1998 2646 vel

1245 2657 1450 2693 dissimilium
1483 2659 1757 2703 indulgentiarum
1769 2686 1777 2700 ‚
1813 2659 1997 2705 privilegio-

2015 265 2065 293 An.
2081 265 2111 293 C.
2129 264 2200 294 ¹⁸62
2234 287 2235 291 ,

2048 1616 2129 1643 Indulg.
2158 1623 2195 1644 pro

2013 1648 2091 1676 aliquid
2109 1648 2196 1671 militia·

2013 1680 2147 1702 donantibus.
