2237 3100
481 232 496 265 1
504 230 569 265 034

527 302 713 326 caussarum
727 291 839 325 Curiae
854 289 1059 323 Reverendae
1078 288 1191 321 Came-

528 356 581 378 rae
606 344 820 388 Apostolicae,
848 342 923 376 1128.

437 398 537 432 XLIII.
557 398 738 431 lurisdictio
753 397 929 436 Senatoris,
953 395 1190 433 collateralium

526 459 553 486 et
576 452 713 485 alioruin
733 450 877 483 iudicum
902 449 1017 483 Curiae
1042 447 1191 492 Capitolii

527 506 629 537 alinae
651 504 756 543 Urbis,
780 504 857 536 134.

570 557 722 600 Sequitur
732 557 908 590 declaratio
924 556 1018 589 dicta*
1035 555 1192 589 constitu-

526 610 620 642 tionis
641 616 789 653 respectu
816 609 1051 643 iurisdictionis
1071 609 1191 651 guber-

524 663 646 695 natoris
667 663 773 703 Urbis,
800 663 876 697 136.

436 716 534 749 XLIV.
565 716 715 749 Extensio
751 715 995 749 constitutionis
1028 715 1119 748 Pauli
1152 714 1191 747 III

526 770 612 803 circa
645 780 774 803 caussas
791 769 898 803 civiles
932 769 1092 803 interesse
1122 767 1191 801 11501

522 823 675 856 Gamerae
687 823 882 868 Apostolicae
903 828 1139 857 concernentes
1159 821 1191 854 in

522 877 635 910 eadem
661 877 794 910 Camera
825 877 1085 920 cognoscendas,
1112 875 1188 909 136.

436 930 520 963 XLV.
549 931 780 974 Inquisitorum
811 931 993 965 haereticae
1026 929 1192 974 pravitatis

524 985 658 1017 facultas
679 985 819 1028 eligendi
841 991 868 1018 01
896 985 1029 1018 creandi
1056 984 1087 1017 in
1103 990 1192 1017 nota-

524 1038 589 1071 rios
610 1050 846 1082 Quascumque,
869 1039 965 1071 etiam
988 1038 1192 1071 0101100551·-

524 1091 658 1131 culares‚
674 1092 704 1124 in
721 1092 841 1125 caussis
862 1092 1091 1136 inquisitionis,
1112 1091 1187 1125 «138.

434 1144 531 1177 XLVI.
556 1145 754 1188 Approbatio
781 1145 1056 1179 confraternitatis
1080 1152 1108 1178 ct
1132 1145 1190 1178 110-

522 1199 646 1241 spitalis
665 1199 724 1231 sub
740 1199 943 1232 invocatione
964 1200 1068 1233 Beata*
1085 1200 1190 1232 Mariae

521 1252 560 1284 dc
583 1252 702 1285 Pietate
718 1263 822 1296 nuper
844 1253 874 1286 in
896 1254 981 1286 [rbe
999 1253 1135 1287 instituti
1150 1254 1190 1286 ad

521 1316 640 1348 egenos
679 1307 846 1339 dementes
878 1307 1066 1340 charitative
1108 1307 1190 1340 reci-

523 1359 661 1402 piendos
683 1365 711 1392 ct
735 1361 908 1396 curandos:
934 1371 1008 1393 cnm
1035 1361 1190 1393 facultate

522 1412 601 1445 alias
617 1413 776 1447 eiusmodi
798 1414 1082 1447 confraternitates
1102 1420 1191 1447 extra

520 1465 640 1499 Urbem
666 1477 739 1500 cum
756 1467 1033 1511 indulgentiarum
1059 1468 1191 1512 partici-

520 1520 650 1562 patione
667 1520 827 1563 erigendi,
844 1521 919 1554 1139.

432 1571 543 1604 XLVII.
564 1573 730 1607 Pontificis
744 1574 936 1608 electionem
950 1575 991 1608 ad
1008 1575 1191 1608 cardinales

519 1636 585 1659 non
603 1627 642 1660 ad
664 1628 852 1669 concilium,
875 1628 899 1660 si
916 1634 1061 1672 tempore
1083 1629 1191 1661 cont-i·

521 1680 553 1712 lii
576 1691 649 1713 enin
667 1682 756 1715 obire
771 1683 955 1726 contigerit,
975 1688 1121 1727 spectare
1136 1683 1190 1715 ‹le-

520 1734 632 1774 clarat‚
660 1734 737 1768 143.

432 1785 558 1819 XLVIII.
585 1788 676 1827 Quod
708 1789 922 1823 instrumenta
944 1801 1002 1833 pro
1034 1790 1189 1823 interesse

520 1840 689 1884 hospitalis
718 1842 750 1875 S.
785 1843 922 1886 Spiritus
958 1843 990 1875 in
1028 1843 1121 1877 Saxia
1150 1844 1189 1876 de

520 1894 604 1927 Urbe
625 1901 749 1937 rogata,
773 1906 830 1939 per
855 1896 941 1929 illius
962 1906 1021 1940 pro
1043 1902 1189 1940 tempore

520 1948 664 1981 notarios
684 1955 711 1981 et
735 1950 925 1982 secretarios
947 1950 978 1982 in
995 1950 1190 1983 cancellaria

520 2001 664 2034 eiusdem
691 2003 859 2046 hospitalis
885 2004 1053 2044 custodiri,
1081 2010 1109 2037 et
1133 2015 1190 2048 per

520 2055 600 2088 alios
625 2055 771 2089 notarios
796 2062 824 2090 et
847 2058 1040 2091 secretarios
1061 2069 1188 2091 succes-

518 2120 606 2142 sores
626 2111 725 2153 gratis
751 2113 884 2155 expleri,
910 2119 938 2145 et
967 2113 998 2145 in
1020 2113 1188 2156 publicani

520 2164 657 2197 sormam
675 2166 776 2209 redigi
792 2167 928 2209 possint,
948 2167 1075 2210 illisque
1092 2167 1189 2211 plena

520 2217 599 2250 tides
616 2218 822 2259 adhibeatur,
841 2220 918 2252 list.

431 2270 532 2303 XLIX.
546 2270 637 2310 Quod
646 2272 803 2305 birretum
815 2273 915 2306 viride
924 2273 1079 2313 deserant,
1090 2274 1187 2306 etiam

518 2335 628 2358 coram
656 2326 819 2359 iudicibus
846 2327 940 2360 Urbis
964 2333 992 2360 et
1015 2338 1187 2360 carcerum

521 2378 749 2419 visitatoribus,
764 2386 907 2423 petentes
920 2380 1125 2414 alternativas
1139 2382 1187 2414 vel

519 2427 716 2461 beneficium
754 2440 823 2472 cap.
861 2430 1016 2462 Pervenit
1047 2436 1077 2463 et
1111 2441 1184 2474 cap.

521 2475 699 2517 Odoardns,
722 2477 799 2510 145.

432 2523 465 2556 L.
493 2524 700 2567 Inquisitores
726 2527 907 2560 baereticae
935 2527 1097 2571 pravitatis
1122 2538 1187 2560 non

521 2579 691 2607 teneantur
730 2576 896 2618 publicare
936 2576 1021 2609 dicta
1057 2577 1187 2609 testium

521 2628 632 2656 contra
670 2624 891 2659 schismaticos
924 2625 970 2658 vel
1005 2624 1188 2660 baeretICOs

1066 235 1213 260 BULLARII
1233 234 1352 260 ROMANI

1322 286 1593 327 examinatorum,
1615 297 1722 331 neque
1735 287 1894 322 rationem
1914 289 1989 323 red-

1323 340 1400 373 dere
1416 340 1454 373 de
1471 339 1679 384 processibus
1695 340 1800 381 alteri,
1817 352 1915 385 quam
1931 342 1991 376 Ro-

1322 403 1419 427 mano
1440 393 1591 427 Pontifici
1616 399 1670 427 aut
1698 394 1861 439 supremis
1880 395 1990 440 inqui-

1322 447 1478 480 sitoribus
1503 447 1606 480 almae
1632 447 1738 488 UrbiS,
1761 447 1837 481 146.

1234 499 1281 533 LI.
1309 499 1447 533 Fructus
1467 506 1498 534 et
1518 502 1738 535 emolumenta
1753 502 1792 535 ad
1813 502 1992 546 capitulum

1323 560 1353 587 et
1375 565 1521 588 mensam
1542 555 1753 588 ecclesiarum
1780 555 1876 589 Urbis
1901 566 1992 590 com-

1323 608 1466 641 muniter
1485 609 1673 653 spectantia,
1695 615 1725 643 et
1749 609 1993 644 distributiones

1322 670 1382 704 pro
1412 661 1642 694 defunctorum
1671 662 1900 696 anniversariis
1927 663 1992 697 lar-

1322 712 1469 755 giendae,
1486 714 1694 758 applicantur
1709 715 1992 750 distributionibus

1322 767 1521 810 quotidianis
1550 778 1609 812 pro
1644 768 1912 804 interessentibus
1942 771 1992 805 di-

1321 819 1403 853 vinis
1424 820 1551 861 officiis,
1573 821 1651 855 147.

1321 873 1518 908 Proxenetae
1534 875 1634 919 Ripae
1649 876 1753 909 almae
1769 876 1863 910 Urbis
1883 882 1993 911 tenen-

1323 932 1376 960 tur
1402 928 1510 962 nautis
1536 934 1567 962 et
1597 929 1834 963 mercatoribus
1860 930 1924 963 vini
1953 931 1993 965 de

1322 981 1427 1024 pretio
1447 981 1510 1014 vini
1538 982 1584 1015 eis
1611 983 1831 1017 mediantibus
1849 984 1991 1024 venditi,

1322 1035 1526 1078 emptoribus
1560 1035 1641 1069 illud
1673 1046 1738 1069 non
1772 1037 1991 1078 solventibus,

1322 1087 1399 1120 148.

1233 1140 1308 1174 LIII.
1326 1141 1452 1175 Poenae
1469 1142 1705 1176 maleficiorum
1719 1144 1992 1178 communitatum

1324 1195 1431 1229 Status
1447 1196 1665 1230 Ecclesiastici
1681 1198 1729 1231 vel
1750 1198 1898 1231 1000111111
1914 1199 1992 1232 5111)-

1322 1248 1481 1282 iectorum
1529 1251 1736 1294 applicantur
1783 1251 1991 1286 Reverendae

1321 1302 1475 1337 Gamerae
1504 1305 1729 1348 Apostolicae‚
1762 1310 1924 1349 quatenus
1954 1316 1992 1340 ex

1322 1366 1421 1389 causa
1441 1368 1513 1390 vere
1534 1368 1683 1399 onerosa,
1707 1363 1763 1391 aut
1783 1358 1846 1403 piis
1868 1360 1918 1392 vel
1935 1370 1994 1404 pu-

1322 1409 1416 1442 blicis
1437 1410 1593 1454 operibus
1618 1422 1683 1444 non
1710 1411 1772 1445 sint
1797 1412 1990 1456 applicatae.

1321 1463 1359 1495 Et
1379 1464 1615 1507 gubernatores
1636 1466 1784 1499 locorum
1802 1466 1915 1500 decem
1932 1478 1992 1512 pro

1322 1518 1509 1551 centenario
1524 1525 1768 1562 consequantur
1781 1519 1820 1553 de
1832 1520 1992 1554 eiusmodi

1321 1571 1453 1614 poenis;
1475 1578 1682 1606 accusatores
1706 1579 1815 1606 autem
1841 1580 1990 1617 quartam

1321 1631 1446 1668 partem
1477 1636 1657 1670 poenarum
1683 1626 1990 1669 bannimentalium‚

1321 1678 1397 1711 15l.

1365 1732 1520 1777 Sequitur
1539 1733 1682 1767 extensio
1706 1733 1810 1768 dictae
1831 1734 1989 1768 constitu-

1322 1785 1429 1827 tionis,
1453 1787 1530 1820 153.

1365 1839 1520 1884 Sequitur
1546 1840 1722 1874 declaratio
1750 1841 1838 1875 circa
1866 1841 1990 1885 portio-

1320 1899 1394 1922 nem
1423 1899 1602 1933 poenarum
1631 1890 1770 1924 dandam
1796 1891 1992 1925 officialibus

1321 1943 1352 1971 et
1371 1939 1630 1979 accusatoribus,
1653 1939 1729 1973 154.

1232 1987 1303 2020 LIV.
1327 1987 1524 2020 Reformatio
1546 1988 1644 2021 Rotae
1665 1988 1842 2029 Romanae,
1864 1989 1942 2023 155.

1231 2037 1288 2069 LV.
1312 2036 1524 2070 Confirmatio
1552 2038 1687 2071 militiae
1712 2037 1841 2072 Ordinis
1864 2038 1896 2071 S.
1922 2038 1990 2072 Ste-

1319 2085 1419 2129 phani
1446 2097 1463 2119 a
1492 2086 1608 2120 Cosmo
1629 2087 1783 2127 Medicas,
1806 2087 1990 2121 Florentiae

1320 2140 1350 2167 et
1370 2135 1529 2168 Senarum
1551 2137 1633 2169 duce
1646 2163 1654 2176 ,
1681 2136 1720 2169 de
1740 2136 1872 2169 licentia
1891 2136 1990 2169 huius

1319 2184 1486 2218 Pontificis
1497 2184 1663 2218 institutae
1676 2185 1736 2218 sub
1747 2185 1870 2228 Regula
1881 2184 1989 2219 Sancti

1319 2233 1502 2275 Benedicti,
1525 2245 1599 2267 cum
1622 2234 1866 2277 exemptionum
1887 2239 1917 2267 et
1938 2234 1989 2267 in-

1319 2282 1486 2315 dultorum
1508 2283 1729 2324 concessione,
1751 2282 1827 2316 158.

1364 2332 1517 2376 Sequitur
1547 2332 1714 2366 concessio
1744 2332 1988 2377 privilegiorum

1319 2381 1403 2414 dicte
1424 2381 1569 2421 militiae,
1603 2381 1673 2415 161.

1330 2429 1448 2463 Contra
1478 2430 1666 2463 srancbitias
1700 2430 1731 2463 in
1765 2429 1851 2463 Urbe
1883 2430 1989 2463 accla-

1318 2485 1455 2519 mantes,
1478 2484 1534 2512 aut.
1554 2479 1625 2513 illas
1644 2490 1704 2524 pro
1725 2479 1990 2513 malefactoribus

1317 2529 1365 2561 vel
1400 2539 1474 2561 aere
1509 2528 1614 2562 alieno
1636 2528 1798 2561 adstrictis
1831 2532 1989 2568 tenentes,

1318 2577 1381 2609 sive
1401 2576 1531 2610 Curiam
1549 2577 1581 2610 in
1598 2588 1711 2611 eorum
1733 2581 1867 2619 captura
1887 2575 1988 2619 impe-

1318 2625 1454 2667 dientes,
1476 2625 1552 2660 166.

1233 873 1293 906 LII.

1230 2429 1302 2462 LVI.
