2237 3100
8 310 13 314 ,
58 279 107 305 An.
125 277 154 303 c.
173 277 240 304 ¹567

91 1728 121 1749 De
130 1732 203 1749 cetero
214 1734 252 1749 eos

67 1765 105 1786 pei·
120 1758 185 1780 br‘eve
199 1766 253 1787 pon-

939 277 1006 300 PIUS
1030 277 1049 299 V
1073 277 1120 299 FP.

256 330 351 364 iurati
372 334 556 362 contractus
581 329 820 369 inducentibus,
847 340 884 363 ac
913 330 1008 363 etiam

256 394 330 418 cum
352 383 556 426 expressione
577 382 665 427 quod
685 383 838 423 revocari,
864 387 920 416 etc.
944 394 1009 416 non

256 437 388 481 possint,
405 436 500 470 etiam
522 442 624 476 motu,
647 435 778 469 scientia
800 441 829 469 et
845 437 1010 480 potestatis

257 486 458 534 plenitudine
481 489 652 529 similibus,
673 500 710 522 ac
732 489 826 522 etiam
856 490 1011 523 consisto-

257 543 380 577 rialiter
400 549 430 576 et
450 544 489 577 de
509 543 669 576 dictorum
700 542 914 575 cardinalium
935 554 1012 576 con-

259 607 367 638 sensu,
390 608 427 630 ac
448 597 525 630 alias
545 595 787 639 quomodolibet
809 597 917 637 factas,
939 607 1012 630 nec-

258 661 324 684 non
351 651 460 683 literas
487 655 517 684 et
550 650 765 683 instrumenta
794 649 950 692 desuper,
978 655 1013 683 ut

259 704 489 750 praemittitur,
517 715 553 737 ac
577 704 655 736 alias
671 703 917 747 quomodolibet
934 713 1012 736 con-

259 759 370 799 fectas,
392 764 565 801 motusque
585 757 737 802 proprios
757 763 788 789 et
807 755 1014 801 supplicatio-

259 823 317 846 nes
345 812 487 856 desuper
513 811 608 844 etiam
639 811 801 843 dictorum
827 816 1013 843 nostrorum

261 865 549 908 praedecessorum
578 863 728 896 manibus
757 863 897 906 signatos
923 869 951 896 et
973 863 1014 895 si-

260 925 383 961 gnatas,
412 929 449 951 ac
475 917 507 950 in
536 917 582 950 eis
602 922 753 951 contenta
773 927 1012 960 quaecumque,

260 972 392 1005 illarum
408 976 439 1004 et
454 971 585 1004 illorum
607 970 754 1003 omnium
774 975 916 1009 tenores,
938 980 975 1002 ac
992 969 1016 1002 si

262 1024 301 1058 de
318 1024 416 1057 verbo
437 1024 474 1056 ad
502 1023 637 1056 verbum
662 1023 896 1061 insererentur,
923 1032 1016 1065 prae-

263 1077 407 1111 sentibus
446 1087 505 1121 pro
544 1077 638 1120 plene
676 1082 707 1109 et
738 1075 937 1108 sufficienter
967 1085 1016 1107 ex-

263 1131 382 1176 pressis
397 1141 434 1164 ac
450 1131 579 1164 insertis
595 1130 762 1169 habentes,
782 1128 878 1162 etiam
899 1127 923 1160 si
944 1128 1017 1160 illae

264 1190 294 1218 et
313 1184 386 1225 illa,
409 1196 446 1217 ex
473 1184 585 1228 quavis
613 1194 709 1217 causa
735 1182 898 1225 legitima,
922 1181 1018 1214 etiam

264 1248 413 1278 onerosa,
432 1237 664 1276 emanaverint,
684 1235 860 1279 apostolica
876 1234 1018 1267 auctori-

265 1296 327 1324 tate
352 1302 389 1324 ex
408 1302 496 1324 nunc
516 1295 674 1334 perpetuo
696 1299 895 1328 revocamus,
917 1298 1019 1320 cassa-

265 1355 350 1385 mus,
373 1344 548 1383 irritamus,
569 1343 778 1376 annullamus
796 1347 826 1375 et
841 1341 1019 1379 abolemus,

265 1409 301 1431 ac
322 1409 359 1432 ex
383 1409 471 1431 nunc
499 1403 666 1431 revocatos
690 1401 747 1429 etc.
775 1401 1018 1437 revocatasque,

264 1456 323 1485 etc.
346 1463 382 1485 ac
398 1457 546 1485 revocata
566 1455 622 1484 etc.
642 1451 710 1484 sore
728 1455 758 1483 et
778 1460 865 1490 esse,
887 1449 1022 1481 nullius-

265 1516 329 1550 que
349 1506 478 1539 roboris
501 1505 549 1538 vel
572 1504 727 1538 momenti
749 1514 805 1537 seu
821 1502 1023 1535 auctoritatis

265 1559 406 1603 amplius
436 1558 571 1592 existere
609 1557 818 1590 decernimus
847 1562 875 1589 et
913 1556 1021 1589 ‹teia-

266 1624 388 1646 ramus.

309 1667 324 1711 §
344 1667 376 1700 5.
399 1667 436 1699 Et
453 1666 677 1706 nihilominus,
702 1665 790 1710 quod
809 1675 845 1697 ex
866 1674 954 1696 nunc
972 1663 1024 1696 de-

1699 265 1763 299 603
1823 267 1872 292 An.
1891 266 1918 292 C.
1941 265 2005 293 ¹567

1051 340 1137 363 nunc
1163 331 1195 363 in
1223 335 1389 373 posterum
1408 328 1494 361 ullos
1514 327 1702 361 huiusmodi
1724 338 1809 362 com-

1052 384 1227 424 missarios,
1239 382 1299 416 nisi
1319 382 1357 416 de
1370 381 1528 426 expressis
1544 381 1657 415 ordine
1674 387 1704 414 et
1720 392 1810 415 man-

1052 438 1125 471 dato
1146 449 1182 471 ac
1204 444 1291 471 certa
1307 435 1439 470 scientia
1459 435 1576 468 nostris
1597 440 1627 467 et
1646 434 1809 468 dictorum

1053 501 1278 523 successorum
1296 496 1494 526 nostrorum,
1512 499 1549 521 ac
1565 487 1655 528 alias,
1680 494 1714 521 ut
1727 499 1809 532 prae-

1054 544 1167 583 fertur,
1191 544 1359 587 deputare,
1391 542 1550 576 destinare
1575 543 1623 574 vel
1644 542 1809 575 transmit-

1054 603 1120 630 tere
1145 598 1285 631 audeant
1305 608 1361 630 seu
1386 600 1607 640 praesumant.

1098 652 1113 694 g
1148 651 1177 684 7.
1213 651 1428 683 Decernentes
1461 659 1685 693 quascumque
1720 659 1810 682 com·
1838 671 1961 693 Elem-‚ones
1976 677 2009 691 se,

1055 704 1278 737 missariorum
1298 703 1485 737 huiusmodi
1499 702 1724 747 deputationes
1737 707 1810 743 etc„
1826 709 1863 756 fffi
1878 703 1945 724 ΜΗ
1961 703 2010 724 ῑΠῐ-

1056 757 1135 791 alias
1164 768 1261 801 quam
1288 763 1321 789 ut
1351 757 1532 800 praefertur
1566 756 1720 801 deinceps
1753 766 1812 800 pro
1859 752 1863 762 ²

1057 817 1202 855 tempore
1224 811 1342 849 factas,
1365 810 1471 843 nullas
1496 815 1526 843 et
1546 810 1657 843 inanes
1677 810 1812 843 existere

1057 875 1093 897 ac
1114 864 1194 903 fore,
1231 868 1262 896 et
1292 873 1350 906 pro
1381 862 1507 895 insectis
1527 862 1660 896 omnino
1685 862 1810 895 haberi.

1058 917 1175 960 Sicque
1196 917 1228 949 in
1254 915 1438 960 praemissis
1459 915 1612 948 omnibus
1632 920 1662 948 et
1679 914 1814 957 singulis

1058 970 1098 1003 ab
1123 969 1274 1002 omnibus
1295 969 1432 1008 censeri,
1456 979 1491 1001 ac
1513 968 1555 1001 ita
1577 979 1635 1012 per
1654 967 1815 1013 praefatos

1060 1028 1090 1056 et
1110 1033 1335 1067 quoscumque
1356 1021 1435 1054 alios
1456 1021 1579 1054 iudices
1595 1026 1666 1061 etc„
1691 1021 1816 1054 sublata

1059 1082 1130 1116 ete,
1148 1075 1285 1109 iudicari
1305 1079 1361 1108 etc.
1386 1074 1515 1114 debere3
1539 1075 1667 1108 irritum
1686 1085 1815 1118 quoque

1061 1135 1090 1162 et
1111 1130 1206 1162 inane
1231 1128 1387 1171 quicquid
1422 1138 1515 1161 secus
1549 1138 1648 1171 super
1675 1128 1725 1160 his
1756 1132 1813 1160 etc.

1061 1182 1233 1225 contigerit
1257 1181 1418 1214 attentari.

1106 1237 1120 1280 ξ
1141 1236 1172 1270 8.
1192 1235 1378 1269 Mandantes
1392 1234 1607 1267 nihilominus
1623 1235 1814 1273 camerario,
1878 1252 2016 1273 mesmes„

1063 1288 1333 1333 praesidentibus,
1348 1288 1486 1327 clericis,
1500 1287 1612 1331 legatis
1627 1291 1684 1320 etc.
1703 1291 1733 1320 et
1748 1286 1818 1319 aliis
1833 1285 2017 1342 ξξυῑζῗζζῑεξζζῐῇ

1062 1343 1326 1387 quibuscumque
1348 1340 1553 1385 supradictis,
1577 1340 1758 1383 ceterisque
1779 1339 1818 1372 ad

1063 1406 1145 1439 quos
1165 1400 1285 1438 spectat
1308 1400 1338 1428 et
1362 1394 1517 1437 pertinet,
1550 1404 1586 1426 ac
1608 1393 1765 1437 spectabit
1789 1398 1820 1426 et

1064 1448 1249 1493 pertinebit,
1271 1453 1432 1491 quatenus
1448 1452 1650 1491 praesentem
1672 1451 1820 1480 nostrum

1065 1507 1187 1534 motum
1210 1500 1378 1545 proprium
1404 1505 1563 1544 perpetuo
1592 1500 1762 1533 observent
1790 1505 1821 1532 et

1066 1554 1227 1588 observari
1250 1554 1368 1587 saciant
1393 1553 1620 1586 ini-iolabititer
1645 1552 1733 1586 etad
1760 1562 1820 1585 un-

1043 1639 1044 1643 ,
1065 1619 1175 1652 guem,
1198 1608 1454 1641 contradictores
1482 1612 1539 1640 etc.
1568 1605 1818 1650 compescendo,

1044 1692 1045 1706 ἶ
1066 1662 1213 1695 invocato
1233 1661 1329 1694 etiam
1351 1672 1406 1694 seu
1432 1661 1575 1694 adhibito
1600 1659 1720 1694 auxilio
1746 1659 1821 1693 bra-

267 1720 379 1765 inceps
399 1720 567 1764 perpetuis
582 1719 700 1752 futuris
719 1717 923 1762 temporibus
942 1716 1023 1749 nulli
1044 1710 1045 1715 ¹

1067 1715 1130 1749 chii
1151 1714 1339 1748 saecularis.

68 1790 253 1816 11501„m‚se..„0f
267 1773 389 1806 similes
397 1774 445 1806 vel
461 1772 633 1806 dissimiles
649 1771 875 1811 commissarii,
894 1771 954 1803 nisi
968 1781 1025 1813 per

68 1819 253 1872 ξῖζθξῖζθξζξζζ
268 1826 423 1870 speciales
448 1832 479 1859 et
498 1836 663 1870 expressas
688 1830 815 1858 nostras
839 1830 868 1857 et
894 1834 1023 1857 eorum-

67 1880 341 1913 iusdemd<÷r¹¹¹³=idem
361 1890 589 1914 successorum
610 1880 643 1912 in
672 1880 776 1912 forma
801 1878 906 1910 brevis
934 1887 1026 1920 expe-

1111 1769 1172 1812 §9.
1204 1769 1241 1801 Et
1262 1768 1477 1801 nihilominus
1497 1778 1610 1801 omnes
1630 1774 1660 1800 et
1681 1766 1824 1810 singulas
1841 1784 2021 1811 γερ-,ΨηεῇιὶῆἸ

1068 1822 1317 1856 communitates
1344 1828 1375 1855 et
1408 1821 1651 1861 universitates,
1678 1831 1715 1853 ac
1744 1820 1824 1853 alios
1839 1817 1863 1837 ³²¹
1880 1815 2023 1842 ¹³⁰¹⁵⁰¹Ve¹¹d⁸

1839 1853 1905 1868 01101·ὶὶ
1928 1852 2024 1867 Camera-

1046 1905 1048 1917 ,
1068 1886 1293 1919 quoscumque
1314 1874 1490 1915 civitatum,
1509 1880 1700 1914 castrorum,
1721 1880 1822 1907 terra·
1839 1878 1867 1899 ¹1³
1890 1878 2023 1903 adhortatum

134 2474 174 2494 Eos
189 2476 258 2494 autem

74 2505 152 2532 absque
169 2506 259 2526 seientia

75 2534 182 2557 Pontificis
195 2538 258 2557 desti-

73 2568 118 2587 nari
133 2570 198 2589 vetat:

67 1914 134 1939 iuben
269 1932 362 1973 ditas,
385 1927 440 1966 am
466 1932 619 1967 Gamerae
644 1931 847 1975 Apostolicae
881 1935 1027 1973 patentes

814 1983 861 1991 sn·-

269 2040 317 2073 vel
347 2050 406 2083 pro
436 2045 583 2083 tempore
615 2037 778 2072 existentis
814 2036 1027 2081 praesidentis

270 2093 423 2127 Gamerae
456 2092 639 2136 praedictae
670 2091 792 2134 signata
817 2090 949 2129 suerint,
971 2100 1027 2122 no-

271 2146 344 2180 stris
370 2146 521 2179 mandato
547 2151 577 2178 et
596 2144 776 2177 intentione
797 2153 964 2176 emanasse
982 2143 1026 2174 in·
1047 2131 1049 2155 ³

270 2200 471 2243 telligentur,
494 2198 645 2242 deputari
665 2202 695 2231 et
715 2197 869 2230 destinari
890 2196 1024 2240 possint,

271 2265 307 2287 ac
328 2254 421 2286 aliter
440 2252 584 2297 deputati
605 2258 633 2284 et
656 2250 833 2284 transmissi
859 2261 896 2282 eo
917 2250 986 2293 ipso
1010 2260 1027 2282 a
1048 2272 1049 2278 η

271 2307 365 2341 nobis
398 2306 537 2340 revocati
567 2306 628 2338 sint
658 2311 687 2338 et
721 2316 789 2338 esse
820 2309 1024 2343 censeantur,

271 2366 432 2406 perpetuo
453 2360 625 2392 statuimus
645 2363 675 2391 et
691 2358 893 2391 ordinamus.

317 2415 332 2458 ἓ
356 2414 387 2447 G.
414 2412 598 2446 Districtius
620 2411 803 2444 inhibentes
827 2411 946 2444 eisdem
973 2422 1025 2444 ca-

274 2463 426 2503 merario,
450 2461 709 2505 praesidentibus
733 2466 763 2493 et
788 2460 928 2500 clericis,
955 2471 1028 2493 nec-

274 2523 339 2546 non
358 2511 482 2554 legatis,
506 2516 536 2543 et
556 2510 627 2542 aliis
652 2509 803 2542 omnibus
824 2509 1027 2552 supranomi-

272 2561 376 2601 natis,
408 2566 438 2594 et
466 2560 631 2603 quibusvis
669 2559 739 2591 aliis
774 2558 940 2601 personis,
970 2569 1026 2591 cu-

272 2611 466 2654 iuscumque
494 2608 656 2652 dignitatis
680 2612 737 2640 etc.
766 2607 974 2640 existentibus
998 2612 1027 2640 et

274 2669 482 2703 quacumque
500 2657 690 2692 auctoritate
702 2655 924 2699 fungentibus,
937 2665 977 2688 ne
991 2665 1027 2688 ex

1069 1940 1154 1968 rum,
1186 1928 1402 1972 oppidorum,
1433 1928 1581 1961 villarum
1614 1933 1645 1960 et
1675 1927 1823 1960 locorum

1069 1982 1162 2015 nobis
1183 1987 1213 2015 et
1229 1988 1359 2015 sanctae
1383 1981 1548 2014 Romanae
1574 1980 1737 2014 Ecclesiae
1759 1990 1824 2013 me-

1048 2067 1049 2070 ,
1069 2035 1152 2068 diate
1172 2036 1220 2068 vel
1247 2035 1432 2068 immediate
1455 2035 1677 2068 subiectorum
1697 2033 1823 2066 habita-

1070 2094 1156 2122 tores
1172 2093 1203 2121 et
1218 2089 1352 2129 incolas,
1375 2098 1502 2121 necnon
1518 2087 1649 2120 illorum
1671 2091 1824 2126 rectores,

1070 2143 1261 2186 praefectos,
1281 2146 1467 2186 potestates,
1496 2140 1650 2174 officiales
1670 2145 1701 2172 et
1724 2149 1824 2183 nego-

1071 2196 1188 2229 tiorum
1209 2202 1363 2239 gestores,
1391 2196 1535 2238 aliosque
1569 2195 1699 2227 illorum
1720 2193 1824 2237 depu—

1071 2255 1152 2283 tatos
1171 2255 1201 2282 et
1221 2249 1440 2294 deputandos,
1469 2253 1658 2290 ceterosque
1679 2246 1719 2279 ad
1744 2255 1825 2289 quos

1070 2308 1192 2346 spectat
1203 2308 1234 2336 et
1254 2302 1422 2347 spectabit,
1446 2302 1477 2334 in
1498 2300 1634 2334 Domino
1655 2300 1826 2332 hortamur

1070 2361 1101 2389 et
1121 2362 1254 2400 paterne
1275 2366 1459 2395 monemus,
1479 2355 1589 2397 eisque
1603 2353 1662 2387 sub
1677 2346 1842 2396 indigna-¹

1070 2410 1167 2444 tionis
1187 2416 1328 2451 nostrae,
1352 2416 1379 2443 et
1403 2408 1600 2453 pecuniariis
1615 2406 1752 2450 aliisque
1769 2417 1826 2440 no—

1048 2460 1118 2492 ¹bis
1156 2465 1187 2493 et
1220 2470 1279 2504 pro
1312 2465 1459 2502 tempore
1499 2456 1644 2489 existenti
1680 2456 1825 2489 Romano

1070 2509 1218 2541 Pontifici
1244 2508 1402 2541 benevisis
1423 2506 1545 2551 poenis,
1562 2504 1695 2538 arbitrio
1715 2509 1826 2537 nostro

1070 2562 1100 2590 et
1120 2557 1206 2590 illius
1226 2556 1428 2590 declarandis
1448 2560 1477 2588 ct
1497 2553 1672 2597 exigendis,
1700 2552 1825 2596 praeci-

1070 2606 1178 2649 pimus
1198 2612 1227 2639 et
1250 2605 1443 2638 mandamus
1462 2609 1496 2637 ut
1517 2602 1625 2636 omnia
1645 2607 1675 2635 et
1700 2600 1826 2644 singula

1070 2664 1179 2693 onera,
1205 2653 1428 2697 impositiones
1458 2657 1488 2685 et
1513 2651 1573 2684 alia
1599 2660 1825 2695 quaecumque
