2237 3100
255 238 306 264 Αη.
324 237 354 264 C.
372 237 437 264 {567

255 299 360 325 religiosis

256 331 383 351 monasteria
412 331 437 352 de

254 361 399 382 Observaniia,

338 1363 433 1385 facultas

251 1395 381 1418 conceditur,
412 1399 433 1416 ut

251 1426 310 1452 plura
326 1430 433 1447 monaste-

252 1459 281 1477 ria
292 1459 312 1478 iu
323 1464 385 1478 unum
400 1464 433 1479 re-

251 1489 298 1509 duci
314 1491 394 1516 possint
411 1492 431 1510 iri

250 1520 309 1542 locis,
326 1520 360 1540 ubi
377 1526 401 1541 ex
413 1526 433 1541 e-

250 1551 379 1578 leemosynis
394 1552 433 1572 fra*

249 1585 302 1602 trum
318 1583 343 1603 de
357 1582 434 1603 Obser-

250 1615 320 1634 tantia
356 1615 432 1635 victum

251 1644 328 1665 babere
345 1651 386 1666 non
398 1652 431 1673 po-

250 1677 330 1696 tuerint

286 1953 324 1980 Qui
340 1957 379 1973 tria
394 1959 432 1974 vo-

251 1989 271 2004 ta
288 1984 433 2005 substantialia

252 2021 293 2036 non
315 2017 431 2036 emiserunt

253 2048 277 2067 ad
312 2053 337 2067 ea
370 2047 433 2068 emit-

252 2079 314 2099 tenda
328 2084 369 2099 non
386 2081 434 2098 sunt

250 2109 346 2135 cogendi,
356 2110 392 2130 sed
404 2112 433 2130 ta-

250 2146 298 2161 men
309 2141 346 2161 sub
362 2142 432 2162 visita-

250 2172 306 2191 tione
323 2175 343 2192 et
358 2177 432 2192 corre-

251 2204 321 2223 ctione
346 2203 432 2224 [rutrum

251 2235 275 2254 de
291 2234 432 2255 observantia

250 2271 298 2286 esse
309 2265 386 2287 debent

497 225 561 260 626

453 343 605 376 domibus
628 342 876 376 etconventibus
893 341 1038 384 ipsorum
1062 341 1197 374 fratrum

453 403 483 430 et
503 397 693 430 monialium
714 396 751 428 de
772 395 990 435 observantia,
1008 395 1047 428 de
1068 394 1128 427 sibi
1149 406 1198 428 as-

452 451 632 483 sistentium
671 450 805 482 fratrum
844 448 996 488 consitio,
1024 448 1199 491 respective

452 504 640 536 transferant
659 529 665 543 ,
687 508 717 535 et
736 513 772 535 ex
797 501 874 545 ipsis
907 501 1057 535 domibus
1078 502 1116 535 de
1136 501 1198 535 Ob-

452 557 607 590 servantia
627 556 841 599 guardianum
858 561 891 588 et
911 555 992 588 alios
1019 556 1172 589 officiales
1189 582 1196 596 ‚

451 611 489 643 ad
511 611 624 644 domos
643 610 823 653 praedictas
839 610 1017 653 regendum
1043 615 1073 643 et
1084 610 1199 653 guber-

452 665 592 697 nandum
631 664 777 704 idoneos,
807 665 996 698 auctoritate
1022 665 1197 708 praedicta,

451 717 605 761 deputent
640 723 735 762 atque
769 718 987 757 constit.uant;
1016 718 1101 762 ipsos
1124 729 1199 752 vero

451 772 564 804 fratres
589 776 618 804 et
645 782 771 805 sorores
799 783 854 805 seu
875 772 1031 805 moniales
1059 772 1200 805 Conven-

450 825 552 858 tuales
577 830 607 858 et
622 825 857 859 TertiiOrdinis
868 826 1049 869 praedictos
1060 826 1197 859 aliorum

451 878 584 911 fratrum
620 879 657 911 de
677 878 882 912 Observantia
903 879 1066 912 consortio
1086 890 1198 923 aggre-

450 937 523 973 gent
558 937 653 975 atque
675 932 801 973 uniant:
824 943 951 966 necnon
972 943 1009 965 ex
1028 932 1196 967 domibus.

449 984 568 1027 quibus
587 991 680 1019 antea
694 986 790 1019 vitam
802 986 1048 1020 conventualem
1059 992 1199 1030 egerant,

449 1039 642 1072 transferant
662 1040 694 1072 in
708 1040 935 1082 religiosorum
946 1041 984 1073 de
994 1040 1199 1074 Observantia

449 1091 573 1133 domos,
597 1098 627 1126 et
639 1094 776 1137 perillas
791 1094 997 1134 distribuant,
1016 1099 1051 1127 ut
1066 1095 1198 1138 posthac

448 1145 508 1188 ipsi
521 1146 558 1179 de
579 1146 784 1180 Observantia
795 1148 943 1181 similiter
956 1154 1198 1192 nuncupentur,

449 1205 479 1232 et
505 1199 563 1232 sub
588 1200 732 1233 eiusdem
754 1201 893 1233 ministri
913 1202 1075 1244 generalis
1086 1202 1124 1235 de
1140 1201 1200 1235 Ob-

448 1253 605 1286 servantia
626 1254 808 1287 obedientia
828 1261 1051 1298 permaneant.

492 1307 506 1349 ἓ
526 1307 555 1340 5.
580 1307 610 1341 Si
631 1307 736 1351 aliqua
750 1319 825 1341 vero
842 1308 985 1352 ipsorum
1002 1308 1200 1342 Conventua—

448 1360 526 1393 lium
561 1363 754 1396 monasteria
779 1374 834 1395 seu
861 1363 975 1396 domus
1007 1364 1039 1395 in
1063 1364 1142 1396 locis
1168 1365 1199 1396 in

448 1415 577 1458 quibus,
599 1421 653 1449 aut
668 1421 801 1460 propter
829 1417 1080 1460 praemissorum
1107 1428 1198 1462 aspe-

447 1468 571 1501 ritatem
606 1470 652 1502 rel
697 1470 912 1503 habitatorum
943 1471 1137 1514 paucitatem
1170 1478 1198 1505 et

448 1523 722 1567 eleemosynarum
745 1524 917 1564 desectum,
953 1525 1127 1558 verendum
1162 1525 1200 1558 sit

448 1587 487 1609 ne
508 1577 620 1610 fratres
641 1578 678 1610 de
699 1577 903 1611 Observantia
918 1578 996 1610 inibi
1010 1578 1113 1612 vivere
1129 1589 1200 1622 pos-

448 1631 509 1663 sint
521 1631 705 1671 consistant,
719 1643 755 1665 ea
772 1632 907 1665 invicem
928 1632 975 1665 vel
990 1633 1060 1666 aliis
1076 1633 1198 1674 uniant,

447 1684 493 1716 vel
514 1684 553 1717 ad
577 1684 637 1717 alia
659 1685 877 1718 commodiora
898 1686 968 1719 loca
992 1687 1198 1727 transfei¹ant;

447 1743 499 1770 aut
529 1738 553 1770 si
589 1739 665 1781 quid
694 1739 779 1771 aliud
810 1739 869 1772 sibi
894 1751 990 1784 super
1019 1741 1200 1785 praemissis

447 1792 548 1834 magis
568 1793 783 1825 necessarium
805 1799 835 1825 et
855 1799 1076 1837 opportunum
1098 1794 1198 1828 visum

447 1845 554 1884 suerit,
577 1846 725 1879 ordinent
741 1852 771 1879 et
791 1852 939 1880 statuant.

491 1899 505 1942 ξ
525 1899 556 1932 6,
583 1899 764 1941 Caeterum,
787 1901 811 1933 si
831 1901 930 1944 aliqui
952 1902 1070 1934 suerint
1086 1904 1199 1935 fratres

448 1958 502 1985 aut
535 1953 690 1986 moniales
720 1954 845 1987 Ordinis
879 1954 1044 1998 praedicti,
1067 1955 1122 1998 qui
1143 1966 1199 1988 seu

447 2017 529 2050 quae
545 2012 602 2039 tria
621 2013 691 2041 rota
702 2008 922 2041 substantialia
937 2019 1104 2052 nunquam
1121 2010 1199 2042 emi—

448 2067 569 2100 serunt,
592 2072 649 2094 nec
671 2061 703 2093 in
723 2062 865 2105 regulari
885 2063 1085 2095 observantia
1106 2064 1200 2106 dege-

448 2119 534 2154 runt,
549 2125 615 2155 eos,
629 2120 724 2158 prout
743 2115 899 2148 hactenus
921 2116 1066 2149 vixerunt
1083 2122 1111 2149 et
1128 2128 1199 2161 per-

448 2174 646 2207 manserunt,
677 2168 719 2200 ita
740 2173 846 2201 tamen
873 2175 906 2201 ut
927 2169 986 2202 sub
1007 2170 1195 2211 visitatione,

447 2221 658 2262 correctione,
695 2222 918 2266 superioritate
954 2229 980 2255 et
1017 2223 1199 2257 obedientia
1217 2252 1221 2270 Ι

447 2274 606 2307 dictorum
627 2275 872 2319 provincialium
906 2282 936 2308 et
956 2277 1113 2319 generalis
1133 2277 1196 2309 sra-

446 2333 531 2360 trum
560 2328 598 2361 de
626 2328 829 2362 Observantia
858 2329 1043 2363 huiusmodi
1068 2330 1194 2374 degere,

448 2380 555 2424 eisque
570 2382 600 2414 in
612 2382 762 2415 omnibus
774 2382 909 2416 subiecti
921 2383 1117 2427 etsuppositi
1129 2394 1196 2416 esse

447 2428 591 2471 debeant,
604 2431 699 2464 etiam
715 2432 752 2464 de
765 2437 892 2464 caetero
911 2431 1014 2464 vivere
1031 2438 1061 2464 et
1072 2443 1197 2476 perma-

448 2490 524 2512 nere
532 2490 623 2523 posse
635 2481 839 2515 decernimus
859 2481 1111 2521 etdeclaramus3
1126 2494 1198 2516 nec-

447 2538 512 2560 non
523 2539 541 2561 a
551 2529 819 2563 Conventualibus
832 2531 1019 2564 huiusmodi
1036 2531 1075 2564 ad
1086 2531 1197 2564 Obser-

446 2577 583 2610 vantiam
604 2580 759 2620 translati,
787 2580 811 2613 si
842 2591 954 2614 eorum
981 2580 1108 2625 aliquis,
1135 2592 1195 2625 pro

446 2626 675 2670 tranquillitate
706 2629 805 2663 animi
835 2630 896 2672 sui,
919 2630 957 2663 de
977 2640 1058 2663 novo
1075 2630 1196 2674 profes-

1045 234 1225 259 BULLARIUM
1245 233 1395 259 ROMANL'M

2005 236 2053 263 An.
2071 236 2101 264 C.
2122 236 2188 264 156⁷

413 300 437 320 ad
453 289 639 323 huiusmodi
683 289 762 322 alios
791 289 902 321 fratres
930 293 959 320 et
985 287 1141 320 moniales
1161 287 1199 320 de
1242 287 1363 320 sionem
1398 288 1542 321 emittere
1573 289 1727 330 voluerit,
1757 289 1852 322 etiam
1876 289 1990 333 proba-

1241 340 1337 374 tionis
1356 351 1441 374 anno
1461 351 1525 374 non
1544 347 1721 385 expectato,
1743 343 1912 387 recipiant.

1284 395 1298 437 ξ
1317 395 1347 428 7.
1370 394 1627 428 Contradictores
1637 406 1723 435 vero,
1742 396 1765 429 si
1786 397 1841 440 qui
1862 396 1989 437 fuerint,
2031 394 2188 435 maimo}-

1241 448 1296 492 qui
1327 459 1359 481 se
1388 449 1427 482 ad
1462 450 1620 493 regularis
1647 450 1728 483 vitae
1758 450 1991 485 observantiam
2005 445 2140 467 “mmm“

1242 502 1353 535 reduci
1386 503 1594 546 pertinaciter
1614 504 1842 545 recusaverint,
1883 515 1937 538 eos
1960 504 1992 538 in

1242 556 1439 597 carceribus,
1475 556 1578 590 donec
1604 557 1643 590 ad
1672 568 1728 591 cor
1756 557 1899 599 redeant,
1933 558 1993 591 sub

1241 609 1304 642 fida
1339 610 1483 643 custodia
1516 610 1647 644 retineri
1674 611 1802 652 faciant,
1839 622 1874 645 ac
1907 612 1993 645 iuxta

1242 673 1375 696 suorum
1397 674 1587 698 excessuum
1604 670 1634 698 et
1649 665 1840 698 delictorum
1856 665 1992 709 qualita-

1241 721 1304 750 tem
1323 717 1471 761 punianu
1494 723 1523 751 et
1540 718 1564 751 si
1583 719 1767 762 aliquorum
1783 718 1900 752 delicta
1914 719 1993 753 adeo

1242 771 1349 814 gravia
1379 771 1497 805 fuerint
1518 778 1563 813 ut,
1584 772 1608 805 si
1626 772 1698 806 laici
1728 777 1843 813 essent,
1880 773 1994 806 ultimo

1242 825 1400 869 supplicio
1431 826 1585 870 puniendi
1623 827 1748 868 forent,
1783 827 1822 860 ad
1848 827 1996 861 triremes

1242 889 1296 912 eos
1316 879 1482 920 damnent3
1505 880 1530 912 si
1552 880 1647 914 modo
1668 887 1755 914 aetas
1784 887 1814 915 et
1843 881 1924 915 vires
1949 881 1994 914 illi

1242 933 1344 966 labori
1366 934 1428 967 sint
1454 939 1559 978 aptae,
1587 934 1730 978 alioquin
1761 935 1801 968 ad
1820 940 1995 979 perpetuos

1242 998 1401 1028 carceres,
1437 988 1468 1020 in
1502 987 1620 1031 quibus
1653 999 1787 1021 suorum
1821 988 1994 1022 criminum

1241 1051 1362 1085 poenas
1381 1042 1482 1083 luant,
1505 1042 1652 1085 religent3
1675 1042 1736 1075 alia
1755 1053 1829 1076 vero
1850 1042 1994 1086 ipsorum

1242 1094 1349 1127 minus
1369 1095 1475 1138 gravia
1496 1095 1644 1136 crimina,
1664 1095 1841 1130 secundum
1860 1096 1994 1130 canoni-

1242 1160 1295 1182 cas
1328 1149 1521 1190 sanctiones,
1558 1160 1613 1183 seu
1647 1149 1792 1194 ipsorum
1822 1150 1995 1184 cardinalis

1241 1203 1287 1235 vel
1317 1203 1639 1247 archiepiscoporum
1674 1210 1730 1237 aut
1750 1203 1991 1248 episcoporum,

1242 1257 1279 1289 ad
1307 1267 1403 1300 quem
1434 1257 1599 1301 spectabit,
1636 1263 1666 1291 et
1696 1258 1910 1292 commissarii
1937 1269 1993 1292 seu

1243 1310 1446 1354 provincialis
1466 1311 1611 1352 arbitrio,
1635 1312 1672 1345 de
1693 1312 1737 1345 illi
1767 1312 1993 1346 adiunctarum

1243 1375 1453 1409 personarum
1475 1365 1661 1399 huiusmodi
1677 1365 1824 1407 consilio,
1843 1365 1990 1410 puniant.

1285 1418 1299 1461 ξ
1320 1418 1351 1452 8.
1374 1419 1460 1452 Bona
1481 1426 1647 1463 praeterea
1667 1430 1904 1464 quaecumque,
1923 1430 1993 1454 mo-

1241 1472 1317 1505 bilia
1337 1478 1366 1506 et
1386 1473 1575 1514 immobilia,
1598 1478 1661 1506 tam
1687 1484 1769 1517 quae
1790 1473 1905 1507 domus
1933 1474 1996 1506 sra—
2008 1465 2192 1524 ζζῗξζῗῗωξξζῇᾗ

1242 1531 1326 1558 trum
1365 1526 1509 1560 videlicet
1535 1527 1699 1560 dumtaxat.
1727 1527 2134 1582 Conventualium³5:223}n
2164 1527 2192 1548 *ἰ*

1242 1579 1479 1623 praedictorum
1491 1581 1522 1613 in
1531 1580 1695 1613 communi
1710 1581 1886 1624 possident,
1897 1592 1994 1625 quam
2009 1566 2020 1588 Ρ
2139 1574 2143 1579 ’

1242 1633 1375 1667 fratrum
1397 1633 1662 1668 Conventualium
1683 1640 1775 1668 antea
1800 1635 1933 1680 propria
1957 1646 1995 1669 ex

1242 1688 1487 1732 consuetudine,
1510 1689 1557 1721 vel
1573 1688 1681 1721 forsan
1706 1699 1743 1721 ex
1767 1689 1875 1732 aliquo
1901 1689 1994 1723 obre-

1242 1739 1332 1784 ptitio
1352 1743 1400 1775 vel
1422 1742 1610 1785 subreptitio
1631 1742 1797 1786 privilegio
1813 1748 1843 1776 et
1862 1743 1992 1787 dispen-

1242 1794 1363 1828 satione
1389 1796 1565 1840 apostolica
1592 1796 1636 1829 eis
1669 1796 1814 1830 obtinere
1841 1807 1993 1831 concessa

1243 1849 1304 1882 sive
1338 1850 1505 1893 permissa,
1536 1850 1598 1883 sive
1629 1861 1666 1883 ex
1692 1861 1806 1883 eorum
1836 1850 1993 1884 industria

1240 1903 1408 1946 acquisita,
1439 1904 1486 1937 vel
1513 1914 1548 1937 ex
1579 1909 1750 1948 parentum
1779 1904 1992 1945 successione,

1241 1962 1296 1989 aut
1324 1957 1362 1989 ab
1382 1956 1453 1990 aliis
1481 1958 1605 1998 relicta,
1632 1958 1734 2000 legata
1754 1958 1919 1999 donatave,
1954 1958 1992 1992 ab

1241 2010 1297 2051 eis,
1321 2017 1384 2043 tam
1409 2011 1515 2054 quoad
1550 2022 1644 2044 usum
1678 2017 1709 2045 et
1744 2012 1989 2056 possessionem,

1241 2075 1337 2107 quam
1371 2066 1477 2108 quoad
1507 2065 1737 2110 proprietatem
1770 2066 1925 2110 pertinet,
1959 2066 1993 2099 in

1241 2124 1435 2162 perpetuum
1484 2119 1643 2152 abdicent.
1691 2119 1733 2153 De
1783 2119 1992 2163 conventibus

1240 2172 1335 2205 etiam
1356 2173 1489 2205 fratrum
1506 2173 1664 2215 regularis
1679 2173 1910 2214 observantiae,
1927 2183 1992 2207 uno

1241 2226 1287 2258 vel
1320 2226 1480 2269 pluribus,
1511 2227 1542 2258 in
1576 2231 1751 2260 conventus
1771 2226 1992 2260 reformandos

1240 2278 1445 2319 huiusmodi,
1480 2279 1518 2312 de
1548 2280 1660 2313 eodem
1692 2279 1825 2313 consilio
1856 2280 1990 2313 transfe-

1241 2340 1322 2365 rant.

1284 2387 1299 2429 ἓ
1318 2386 1349 2419 9.
1375 2386 1487 2420 Omnia
1508 2387 1659 2431 denique,
1682 2398 1764 2430 quae
1797 2387 1836 2420 ad
1857 2386 1989 2420 ahoten-
2031 2403 2127 2425 facultas
2139 2409 2188 2426 eon-

1240 2435 1314 2468 dam
1334 2436 1429 2469 vitam
1450 2438 1693 2470 conventualem
1713 2442 1744 2470 et
1758 2436 1838 2470 vitae
1862 2436 1988 2478 regula·
2003 2435 2189 2488 {2:⁵22ng

1240 2484 1283 2517 ris
1296 2485 1529 2518 observantiam
1546 2486 1617 2519 loco
1630 2485 1987 2525 eiusintroducendam,
2005 2498 2118 2519 commissa
2145 2501 2186 2524 est,

1238 2535 1285 2566 vel
1312 2534 1350 2567 ad
1380 2535 1605 2578 inquirendam
1632 2534 1803 2568 criminum
1823 2534 1988 2567 veritatem
2004 2536 2114 2583 {leuffiffiffl
2146 2535 2185 2552 ⁰¹·

1238 2578 1357 2616 fuerint
1380 2595 1512 2629 quoquo
1533 2585 1628 2618 modo
1661 2583 1839 2617 necessaria
1872 2589 1902 2617 et
1928 2594 1986 2630 op-

1238 2638 1387 2676 portuna,
1408 2639 1514 2677 agant,
1537 2634 1653 2668 saciant
1678 2640 1708 2667 et
1728 2638 1939 2677 exequantur.

2034 1433 2063 1456 De
2074 1434 2135 1455 bonis
2150 1440 2192 1455 mo-
