2237 3100
223 278 274 305 An.
290 278 321 305 C.
339 277 407 306 ¹560

249 393 364 415 Contrariis
374 394 408 414 de-

223 429 289 451 rogat.

255 1169 371 1190 Exordium

244 1761 301 1789 Quae
317 1760 417 1781 solemni—

232 1798 287 1815 tates
304 1793 419 1813 observen—

232 1828 265 1845 tur
298 1825 318 1844 in
337 1824 419 1844 aliena-

233 1857 326 1878 tionibus
340 1860 362 1876 ει
386 1856 418 1876 Ιο-

233 1888 352 1909 cutionibus
381 1887 420 1907 bo-

233 1926 307 1940 norum
328 1924 420 1940 camera-

235 1951 290 1972 tium.

465 267 506 301 602

465 331 480 374 ἓ
502 329 534 363 3.
560 328 649 363 Dicta
681 327 909 361 constitutione
941 324 1117 367 ceterisque
1142 322 1174 354 in

422 385 622 419 contrarium
641 382 885 428 quomodolibet
904 379 1095 413 facientibus
1110 388 1173 410 non

423 439 624 473 obstantibus
635 438 907 483 quibuscumque,
921 433 1173 478 praemissoiaun

423 495 569 528 omnium
591 499 621 527 et
641 493 779 526 aliorum
800 491 851 523 liic
870 490 977 522 forsan
994 486 1175 519 necessario

423 547 708 592 exprimendorum
728 550 856 578 tenores
873 553 932 586 pro
951 542 1042 585 plene
1063 545 1093 573 et
1109 539 1175 572 suf-

424 602 569 635 ficienter
589 599 745 643 expressis
764 598 928 630 habentes.

578 654 694 693 Placet,
713 656 802 685 motu
819 650 963 694 proprio.
991 650 1014 682 l.

424 849 470 881 De
495 847 753 881 solemnitatibus
778 846 983 879 observandis
1007 846 1039 877 'iu
1066 844 1175 877 ‘tende'—

473 902 614 935 tionibus
634 907 663 935 et
678 902 890 935 Iocae‘ttiom'lius
910 901 1065 933 bonorum
1085 904 1113 932 et
1133 900 1180 931 ῖιι-

468 957 557 988 rium
573 955 727 989 Gamerae
747 955 959 999 Apostolicue.

536 1037 598 1066 Pius
621 1037 691 1072 Papa
714 1036 755 1069 tv.
781 1037 858 1064 motu
876 1035 999 1071 proprio.
1021 1035 1075 1063 etc.

471 1109 550 1142 Cum
572 1109 604 1142 in
620 1108 868 1142 alienationibus
891 1118 1000 1140 rerum
1019 1107 1058 1139 ad
1076 1106 1180 1139 eccle-

427 1164 489 1197 sias
509 1170 536 1196 et
557 1165 669 1196 fiscum
691 1162 922 1207 pertinentium
944 1161 1099 1193 nonnulla
1120 1160 1178 1193 sint

427 1230 445 1251 a
465 1218 534 1251 iure
551 1218 722 1262 specialius
740 1217 905 1261 disposita,
924 1227 964 1248 ne
981 1215 1135 1248 ecclesiae
1152 1220 1178 1247 et

428 1272 524 1304 fiscus
543 1282 600 1315 pei·
616 1271 847 1314 malignitatem
869 1269 1037 1302 lioniinum
1056 1268 1183 1311 gravius

429 1325 609 1363 laedantur,
623 1336 724 1367 eaque
746 1324 883 1357 maxime
902 1324 933 1356 in
956 1323 1052 1356 rebus
1069 1323 1107 1355 ad
1119 1323 1182 1354 llo-

429 1388 557 1409 manain
588 1376 762 1410 Ecclesiam
778 1405 785 1418 ,
818 1387 900 1420 quae.
930 1382 1109 1408 ceterarum
1138 1380 1179 1406 est

429 1437 535 1476 eaput,
552 1437 579 1465 et
599 1432 666 1464 eius
682 1432 848 1465 Gameram
867 1429 1082 1474 Al‘iostolitwmi
1110 1441 1182 1473 per-

430 1487 616 1527 tinentibus,
651 1487 811 1520 observari
834 1486 1013 1525 (·onvt1=iiiat,
1044 1496 1182 1528 quorum

429 1541 637 1575 omissionem
657 1541 849 1584 plerumque
866 1539 1053 1571 damnosam
1074 1538 1182 1576 fuisse,

430 1595 627 1639 experientia
643 1605 752 1627 rerum
772 1593 922 1636 magistra
934 1593 1082 1633 docente,
1096 1603 1184 1624 eom-

432 1655 559 1694 pertum
578 1655 636 1682 est.

476 1705 490 1747 §
511 1704 542 1737 1.
562 1703 684 1736 Idcirco
695 1714 763 1743 nos,
775 1703 935 1746 praefatae
971 1700 1186 1734 lonmnaeEe-

433 1757 548 1790 etesiae
574 1758 709 1801 eiusque
733 1757 885 1790 Gamerae
911 1755 1112 1799 Apostolime
1138 1754 1181 1786 in-

433 1813 618 1855 demnitati,
638 1824 675 1846 ex
695 1812 794 1845 nostri
816 1811 913 1845 officii
932 1811 1049 1848 debito,
1070 1821 1187 1843 eonsu-

434 1868 499 1900 lere
517 1868 670 1907 volentes,
688 1872 777 1900 motu
790 1866 923 1899 similiet
938 1872 1069 1899 excerta
1088 1864 1188 1898 seien-

434 1921 486 1962 tia,
494 1922 555 1954 hae
566 1922 597 1954 in
607 1927 800 1966 perpetuum
809 1920 942 1952 valitura
951 1918 1188 1958 ‹=‹;›11,<tiinii011‹‚=‚

434 1975 606 2008 statuimus
634 1981 664 2008 et
689 1975 877 2008 ordinamus
903 1978 937 2005 ut.
966 1973 1003 2006 de
1030 1978 1136 2005 cetero
1158 1973 1189 2004 in

435 2029 586 2062 omnibus
596 2028 842 2067 venditionibus,
852 2026 1067 2060 locationibus
1076 2032 1103 2059 et
1116 2026 1190 2059 alie-

434 2083 619 2116 nationibus
643 2081 938 2122 tliesaurariarum,
967 2080 1167 2113 dolianarum
1182 2107 1189 2117 ,

435 2137 635 2179 gabellarum
657 2137 861 2180 aliorumque
882 2135 1015 2172 iurimn,
1031 2134 1191 2167 bonorum

437 2195 467 2223 et
476 2190 660 2223 reddituum
672 2199 966 2234 quorumcumque,
983 2193 1045 2220 tam
1066 2187 1096 2219 in
1110 2188 1193 2219 alma

437 2244 521 2278 Urbe
538 2250 648 2278 nostra
664 2255 761 2288 quam
778 2243 809 2275 in
825 2243 896 2275 aliis
912 2241 1101 2286 provinciis,
1122 2241 1193 2273 civi-

438 2298 557 2331 tatibus
577 2303 607 2331 et
624 2298 704 2331 loeis
722 2302 850 2331 nostrae
868 2303 894 2330 et
918 2297 948 2329 S
973 2296 1009 2328 lt.
1028 2295 1063 2328 E.
1081 2294 1192 2328 ditioni

440 2352 602 2393 subiectis,
615 2353 653 2385 ad
665 2353 861 2396 praedictam
880 2351 1045 2393 Gameram
1063 2359 1195 2393 quomo-

441 2407 811 2451 dolibetpertinentium,
820 2417 876 2450 per
884 2404 1017 2438 eandem
1029 2404 1159 2436 Gamera
1166 2413 1195 2434 m

442 2472 498 2494 seu
510 2462 550 2494 ab
566 2472 602 2494 ea
614 2461 783 2505 deputatos
795 2466 822 2493 et
837 2458 1037 2503 deputandos
1049 2458 1087 2491 ad
1099 2468 1198 2501 quan-

443 2521 654 2559 tumcumque
676 2516 809 2557 longum
828 2526 882 2547 seu
897 2515 992 2546 breve
1011 2517 1136 2555 tempus
1152 2512 1197 2543 fa-

444 2569 578 2610 ciendis,
590 2569 714 2602 debitae
723 2568 799 2601 etde
814 2567 883 2600 iure
900 2565 1074 2609 requisitae
1084 2565 1199 2597 solem-

444 2623 578 2664 uitam,
597 2627 661 2654 tam
687 2621 793 2665 quoad
817 2620 948 2664 publica
976 2618 1098 2659 edicta,
1125 2628 1198 2650 cum

445 2676 649 2721 expressione
666 2676 814 2709 locorum
835 2679 866 2708 et
888 2674 1012 2707 dierum
1035 2672 1067 2706 in
1080 2671 1200 2716 quibus

1016 269 1194 294 BI'LLARII'M
1219 266 1369 290 noiuANttM

1985 257 2035 285 An.
2052 256 2081 283 C.
2099 256 2168 284 ¹560

1217 321 1296 353 haee
1305 320 1374 352 fieri
1384 319 1556 358 debebunt,
1575 316 1758 356 emittenda,
1771 321 1801 349 et
1819 314 1968 348 licitatio-

1216 385 1273 407 nes
1290 380 1316 407 et
1335 373 1604 411 subhastationes,
1617 382 1691 404 cum
1704 370 1859 415 temporis
1871 380 1888 401 a
1900 369 1969 401 iure

1218 439 1272 460 seu
1286 427 1400 460 iudicis
1415 427 1547 460 arbitrio
1565 425 1672 458 statuti
1692 424 1899 468 praefixione,
1912 434 1971 456 nec

1218 493 1282 514 non
1292 482 1364 525 plus
1374 481 1584 514 offerentibus
1601 479 1859 519 deliberationes,
1874 488 1971 521 quam

1217 536 1322 579 quoad
1335 541 1440 568 cetera
1461 535 1547 568 circa
1558 545 1667 567 rerum
1683 534 1751 567 fisci
1763 533 1972 566 alienationes

1218 590 1383 633 disposita,
1406 588 1567 622 observari
1583 589 1730 621 debeant.

1263 644 1277 686 ἓ
1297 644 1327 677 2.
1356 645 1389 676 ΕΙ
1417 644 1510 676 aliter
1529 643 1629 676 saetae
1653 642 1863 683 venditiones,
1886 642 1973 675 loca-

1220 699 1322 732 tiones
1343 710 1398 731 seu
1430 697 1639 731 alienationes
1656 707 1766 729 rerum
1786 694 1973 729 huiusmodi

1220 764 1284 785 non
1300 754 1436 793 valeant,
1448 751 1635 795 nulliusque.
1644 750 1770 783 roboris
1781 755 1811 783 et
1821 749 1974 782 momenti

1220 806 1366 843 existant,
1389 806 1442 839 sed
1464 816 1522 849 per
1537 798 1683 838 eamdem
1704 804 1869 837 Gameram
1889 814 1976 836 revo—

1221 862 1305 899 cari,
1334 862 1487 904 ipsaeque
1508 870 1559 892 res
1579 858 1623 892 sic
1641 858 1796 891 alienatae
1815 868 1888 890 cum
1907 858 1976 890 fru-

1221 916 1325 948 ctibus
1342 916 1416 948 inde
1437 912 1598 959 perceptis
1615 912 1716 956 repeti
1736 917 1766 945 et
1789 911 1857 944 aliis
1883 911 1976 944 vendi

1222 981 1278 1003 sou
1303 969 1402 1002 locari
1428 967 1551 1012 possint
1571 971 1602 999 et.
1621 962 1770 1005 debea1113
1792 965 1902 1008 sieque
1920 975 1978 1008 per

1222 1033 1446 1066 quoscumtpie
1458 1020 1591 1059 iudices,
1611 1019 1706 1051 etiam
1723 1017 1835 1050 Palatii
1846 1018 1978 1062 Aposto-

1222 1076 1275 1109 lici
1292 1077 1456 1110 auditores
1476 1080 1506 1107 et,
1526 1074 1557 1106 S,
1572 1073 1608 1105 R.
1629 1072 1664 1104 E.
1688 1071 1876 1111 cardinales,
1894 1070 1977 1103 iudi-

1223 1129 1288 1162 cari
1305 1134 1335 1162 et
1352 1127 1510 1161 declarari
1531 1125 1660 1166 debere,
1684 1124 1809 1157 sublata
1826 1124 1871 1157 eis
1888 1123 1980 1157 aliter

1224 1181 1386 1214 iudicandi
1406 1187 1434 1214 et
1452 1179 1637 1213 declarandi
1654 1178 1817 1219 facultate,
1838 1176 1980 1209 irritum-

1223 1248 1285 1279 que
1299 1241 1329 1269 et,
1341 1236 1435 1269 inane
1452 1233 1604 1278 quiequid
1619 1244 1711 1266 secus
1731 1243 1749 1264 a
1764 1232 1776 1259 1
1795 1231 1906 1276 quavis
1921 1243 1978 1264 au-

1225 1290 1380 1330 ctoritate,
1393 1289 1530 1322 scienter
1540 1288 1587 1321 vel
1600 1287 1794 1331 ignoranter,
1811 1285 1982 1329 contigerit

1225 1344 1386 1383 attentari,
1406 1342 1623 1375 decernimus.

1270 1399 1284 1439 ξ
1304 1398 1334 1431 3.
1359 1398 1394 1430 Et
1412 1408 1452 1430 ue
1473 1397 1506 1429 in
1526 1394 1711 1428 huiusmodi
1734 1392 1980 1427 subliastationi-
2024 1397 2180 1434 Frauduleutw

1226 1451 1286 1482 lius
1307 1451 1460 1483 faciendis
1481 1450 1568 1482 fraus
1585 1448 1690 1491 aliqua
1705 1448 1774 1481 tieri
1791 1448 1903 1488 valeat,
1915 1458 1980 1480 om-
1996 1432 2107 1481 iiiiii-⁰⁸⁵
2122 1428 2180 1449 dm-

1228 1505 1321 1538 nibus
1337 1510 1367 1537 et
1382 1505 1643 1548 ‹ptilutss‘unique
1660 1502 1876 1546 respraefatas
1893 1512 1980 1534 eme-

1228 1570 1261 1591 re
1279 1560 1324 1591 rel
1347 1558 1531 1591 conducere
1551 1556 1744 1597 volentibus,
1766 1566 1805 1587 ne
1827 1566 1900 1588 cum
1912 1553 1982 1587 aliis

1227 1611 1487 1654 ‹prilmscumque
1523 1616 1614 1653 pacta
1646 1620 1701 1642 seu
1734 1607 1978 1648 conventiones,

1230 1671 1260 1697 ut
1284 1665 1327 1697 itli
1348 1665 1473 1698 minora
1492 1664 1593 1708 pretia
1608 1663 1745 1696 offerant
1756 1668 1783 1696 et
1805 1661 1980 1703 licitentur,

1229 1731 1283 1753 scu
1314 1719 1455 1763 aliquam
1482 1730 1579 1763 super
1598 1716 1781 1761 praemissis
1798 1715 1982 1749 societatem

1230 1786 1284 1807 seu
1303 1774 1557 1807 t-‹tniventieulam
1583 1772 1743 1805 occultam
1766 1771 1797 1803 in
1819 1770 1983 1814 praeiudi-

1231 1829 1316 1862 cium
1334 1827 1515 1872 piziedictae
1531 1827 1683 1860 Gamerae
1695 1826 1815 1865 ineant,
1838 1824 1897 1857 sub
1910 1824 1983 1857 nul-

1231 1882 1326 1915 litatis
1353 1887 1380 1914 ct
1405 1879 1606 1913 invaliditatis
1626 1878 1770 1912 omnium
1796 1889 1855 1922 per
1874 1888 1929 1910 eos
1952 1876 1985 1909 in

1233 1934 1416 1979 praemissis,
1426 1934 1586 1967 mediante
1596 1932 1706 1965 fraude.
1716 1930 1914 1971 huiusmodi,
1930 1941 1985 1973 ge-

1234 1990 1422 2029 rendorum,
1441 1999 1477 2021 ac
1495 1985 1838 2021 exconnnunicationis
1856 1984 1987 2017 maioris

1233 2050 1261 2077 et
1282 2045 1393 2077 decem
1412 2043 1550 2075 millium
1571 2042 1765 2074 ducatorum
1791 2039 1862 2072 auri
1882 2039 1987 2072 eidem

1234 2099 1386 2132 Gamerae
1398 2096 1665 2142 applicandorum
1679 2093 1802 2138 poeniS,
1814 2092 1989 2126 districtius

1236 2153 1431 2185 inhibemus.
1802 2171 1807 2173 -

1280 2206 1294 2248 ξς
1314 2205 1346 2238 4.
1379 2205 1562 2238 Mandantes
1589 2201 1713 2235 dilectis
1747 2200 1820 2233 siliis
1852 2198 1988 2234 Guidoni

1237 2261 1383 2297 Ascanio,
1402 2261 1433 2293 S.
1448 2259 1563 2292 Mariae
1581 2258 1612 2290 in
1628 2257 1765 2290 Via-lata
1776 2255 1911 2288 diacono
1924 2265 1990 2287 car-

1237 2315 1353 2353 dinali,
1377 2320 1486 2347 nostro
1507 2319 1537 2345 et
1557 2314 1589 2346 S.
1616 2312 1653 2345 R.
1676 2312 1711 2344 E.
1736 2309 1926 2351 camerario,
1954 2321 1990 2343 ac

1239 2369 1420 2413 pi'a‹1=t]iet:it·.
1438 2368 1590 2401 Gamerae
1610 2364 1878 2411 praesidentibus,
1896 2363 1991 2397 cleri-

1240 2422 1295 2460 cis,
1320 2428 1353 2455 ut.
1380 2427 1573 2466 praesentes,
1601 2430 1738 2464 quarum
1765 2418 1864 2451 solam
1887 2417 1992 2459 signa-

1241 2477 1344 2505 turam
1362 2477 1516 2509 nostram,
1538 2470 1632 2503 etiam
1646 2469 1765 2511 absque
1783 2467 1872 2499 datae
1891 2477 1992 2510 appo-

1241 2521 1366 2557 sitione,
1387 2521 1498 2563 regula
1513 2518 1728 2553 Cancellariae.
1743 2522 1870 2549 nostrae
1887 2517 1994 2548 forsan

1242 2571 1402 2603 contraria
1423 2581 1487 2603 non
1505 2570 1662 2607 obstante,
1675 2566 1992 2605 sufficerevolumus,

1242 2620 1273 2653 in
1293 2619 1383 2652 libris
1403 2620 1555 2653 Gamerae
1567 2617 1749 2659 registrent,
1769 2626 1805 2647 ac
1822 2615 1854 2647 in
1874 2613 1994 2647 eisdem

1280 2680 1289 2705 l
1309 2680 1331 2706 A
1348 2687 1489 2712 quoquam,
1506 2678 1595 2710 quavis
1612 2678 1676 2708 etc-7
1692 2674 1809 2702 Cherub.
1827 2673 1864 2709 (R.
1886 2672 1935 2709 T.).

2014 642 2123 670 Aliter-que
2140 641 2173 662 ta-

1989 677 2035 695 ctae
2044 674 2115 695 nullae
2123 673 2171 694 sint.

2006 2209 2144 2231 Executorum
2153 2206 2192 2227 liu-

2005 2243 2037 2261 ius
2047 2243 2115 2260 motus
2138 2244 2190 2266 pro-

2007 2273 2045 2300 prii
2062 2270 2176 2298 deputatio.
