<?xml version="1.0" encoding="UTF-8"?>
<!DOCTYPE html PUBLIC "-//W3C//DTD XHTML 1.0 Transitional//EN"
    "http://www.w3.org/TR/xhtml1/DTD/xhtml1-transitional.dtd">
<html xmlns="http://www.w3.org/1999/xhtml" xml:lang="en" lang="en">
 <head>
  <title>
</title>
<meta http-equiv="Content-Type" content="text/html;charset=utf-8" />
  <meta name='ocr-system' content='tesseract 3.04.00' />
  <meta name='ocr-capabilities' content='ocr_page ocr_carea ocr_par ocr_line ocrx_word'/>
</head>
<body>
  <div class='ocr_page' id='page_1' title='image "./bullarumdiplomat07cath/bullarumdiplomat07cath_0771.png"; bbox 0 0 2237 3100; ppageno 0'>
   <div class='ocr_carea' id='block_1_1' title="bbox 58 267 243 297">
    <p class='ocr_par' dir='ltr' id='par_1_1' title="bbox 58 267 243 297">
     <span class='ocr_line' id='line_1_1' title="bbox 58 267 243 297; baseline 0 0"><span class='ocrx_word' id='word_1_1' title='bbox 58 270 110 297; x_wconf 70' lang='lat' dir='ltr'>An.</span> <span class='ocrx_word' id='word_1_2' title='bbox 126 267 156 295; x_wconf 88' lang='lat' dir='ltr'>C.</span> <span class='ocrx_word' id='word_1_3' title='bbox 174 267 243 297; x_wconf 76' lang='lat'>¹568</span> 
     </span>
    </p>
   </div>
   <div class='ocr_carea' id='block_1_2' title="bbox 59 2219 244 2342">
    <p class='ocr_par' dir='ltr' id='par_1_2' title="bbox 59 2219 244 2342">
     <span class='ocr_line' id='line_1_2' title="bbox 108 2219 242 2247; baseline 0 -7"><span class='ocrx_word' id='word_1_4' title='bbox 108 2219 190 2240; x_wconf 72' lang='lat' dir='ltr'>Sunium</span> <span class='ocrx_word' id='word_1_5' title='bbox 205 2226 242 2247; x_wconf 76' lang='lat' dir='ltr'>pro</span> 
     </span>
     <span class='ocr_line' id='line_1_3' title="bbox 59 2252 244 2278; baseline 0.005 -6"><span class='ocrx_word' id='word_1_6' title='bbox 59 2252 143 2278; x_wconf 76' lang='lat' dir='ltr'>collegii</span> <span class='ocrx_word' id='word_1_7' title='bbox 185 2253 244 2273; x_wconf 83' lang='lat' dir='ltr'>eius-</span> 
     </span>
     <span class='ocr_line' id='line_1_4' title="bbox 62 2284 243 2309; baseline 0.006 -5"><span class='ocrx_word' id='word_1_8' title='bbox 62 2284 109 2304; x_wconf 70' lang='lat' dir='ltr'>deni</span> <span class='ocrx_word' id='word_1_9' title='bbox 140 2284 243 2309; x_wconf 72' lang='lat' dir='ltr'>regimine</span> 
     </span>
     <span class='ocr_line' id='line_1_5' title="bbox 60 2315 221 2342; baseline 0.006 -7"><span class='ocrx_word' id='word_1_10' title='bbox 60 2315 105 2336; x_wconf 77' lang='lat' dir='ltr'>fleri</span> <span class='ocrx_word' id='word_1_11' title='bbox 120 2316 221 2342; x_wconf 56' lang='lat' dir='ltr'>iusserim</span> 
     </span>
    </p>
   </div>
   <div class='ocr_carea' id='block_1_3' title="bbox 929 260 1101 285">
    <p class='ocr_par' dir='ltr' id='par_1_3' title="bbox 929 260 1101 285">
     <span class='ocr_line' id='line_1_6' title="bbox 929 260 1101 285; baseline -0.006 0"><span class='ocrx_word' id='word_1_12' title='bbox 929 261 996 285; x_wconf 84' lang='lat' dir='ltr'>PIUS</span> <span class='ocrx_word' id='word_1_13' title='bbox 1015 261 1034 284; x_wconf 90' lang='lat' dir='ltr'>V</span> <span class='ocrx_word' id='word_1_14' title='bbox 1053 260 1101 285; x_wconf 78' lang='lat' dir='ltr'>PP.</span> 
     </span>
    </p>
   </div>
   <div class='ocr_carea' id='block_1_4' title="bbox 252 314 1008 1641">
    <p class='ocr_par' dir='ltr' id='par_1_4' title="bbox 252 314 1008 1641">
     <span class='ocr_line' id='line_1_7' title="bbox 255 314 1004 358; baseline -0.004 -9"><span class='ocrx_word' id='word_1_15' title='bbox 255 315 333 349; x_wconf 88' lang='lat' dir='ltr'>dicti</span> <span class='ocrx_word' id='word_1_16' title='bbox 353 314 479 358; x_wconf 80' lang='lat' dir='ltr'>collegii</span> <span class='ocrx_word' id='word_1_17' title='bbox 500 320 532 348; x_wconf 89' lang='lat' dir='ltr'>et</span> <span class='ocrx_word' id='word_1_18' title='bbox 557 314 643 348; x_wconf 91' lang='lat' dir='ltr'>illius</span> <span class='ocrx_word' id='word_1_19' title='bbox 662 314 871 358; x_wconf 71' lang='lat' dir='ltr'><strong>perfectione,</strong></span> <span class='ocrx_word' id='word_1_20' title='bbox 894 320 925 347; x_wconf 89' lang='lat' dir='ltr'>et</span> <span class='ocrx_word' id='word_1_21' title='bbox 949 314 1004 346; x_wconf 85' lang='lat' dir='ltr'>de-</span> 
     </span>
     <span class='ocr_line' id='line_1_8' title="bbox 255 368 1004 413; baseline -0.004 -11"><span class='ocrx_word' id='word_1_22' title='bbox 255 369 328 402; x_wconf 90' lang='lat' dir='ltr'>inde</span> <span class='ocrx_word' id='word_1_23' title='bbox 341 379 400 413; x_wconf 90' lang='lat' dir='ltr'>pro</span> <span class='ocrx_word' id='word_1_24' title='bbox 416 368 646 402; x_wconf 75' lang='lat' dir='ltr'>sustentatione</span> <span class='ocrx_word' id='word_1_25' title='bbox 659 378 835 412; x_wconf 77' lang='lat' dir='ltr'>[merorum</span> <span class='ocrx_word' id='word_1_26' title='bbox 849 378 1004 401; x_wconf 80' lang='lat' dir='ltr'>novorum</span> 
     </span>
     <span class='ocr_line' id='line_1_9' title="bbox 254 421 1005 465; baseline -0.003 -9"><span class='ocrx_word' id='word_1_27' title='bbox 254 433 482 457; x_wconf 86' lang='lat' dir='ltr'>conversorum</span> <span class='ocrx_word' id='word_1_28' title='bbox 512 421 698 455; x_wconf 85' lang='lat' dir='ltr'>huiusmodi</span> <span class='ocrx_word' id='word_1_29' title='bbox 716 422 911 465; x_wconf 43' lang='lat' dir='ltr'>,Jquolibest</span> <span class='ocrx_word' id='word_1_30' title='bbox 921 433 1005 455; x_wconf 89' lang='lat' dir='ltr'>anno</span> 
     </span>
     <span class='ocr_line' id='line_1_10' title="bbox 255 476 1005 520; baseline -0.003 -10"><span class='ocrx_word' id='word_1_31' title='bbox 255 477 367 511; x_wconf 90' lang='lat' dir='ltr'>maiori</span> <span class='ocrx_word' id='word_1_32' title='bbox 383 477 500 510; x_wconf 91' lang='lat' dir='ltr'>domus</span> <span class='ocrx_word' id='word_1_33' title='bbox 519 476 813 520; x_wconf 78' lang='lat' dir='ltr'>collegiinovorum</span> <span class='ocrx_word' id='word_1_34' title='bbox 834 487 1005 509; x_wconf 83' lang='lat' dir='ltr'>converso-</span> 
     </span>
     <span class='ocr_line' id='line_1_11' title="bbox 254 530 1004 573; baseline -0.003 -9"><span class='ocrx_word' id='word_1_35' title='bbox 254 542 327 564; x_wconf 87' lang='lat' dir='ltr'>rum</span> <span class='ocrx_word' id='word_1_36' title='bbox 351 531 539 565; x_wconf 88' lang='lat' dir='ltr'>huiusmodi</span> <span class='ocrx_word' id='word_1_37' title='bbox 559 530 627 564; x_wconf 89' lang='lat' dir='ltr'>dari</span> <span class='ocrx_word' id='word_1_38' title='bbox 648 535 678 563; x_wconf 91' lang='lat' dir='ltr'>et</span> <span class='ocrx_word' id='word_1_39' title='bbox 697 530 773 564; x_wconf 90' lang='lat' dir='ltr'>solvi</span> <span class='ocrx_word' id='word_1_40' title='bbox 793 541 830 563; x_wconf 91' lang='lat' dir='ltr'>ac</span> <span class='ocrx_word' id='word_1_41' title='bbox 851 541 1004 573; x_wconf 87' lang='lat' dir='ltr'>pereum,</span> 
     </span>
     <span class='ocr_line' id='line_1_12' title="bbox 253 584 1006 629; baseline 0 -11"><span class='ocrx_word' id='word_1_42' title='bbox 253 585 389 629; x_wconf 85' lang='lat' dir='ltr'>expendi</span> <span class='ocrx_word' id='word_1_43' title='bbox 401 584 783 624; x_wconf 72' lang='lat' dir='ltr'>etdistribui,trecentum</span> <span class='ocrx_word' id='word_1_44' title='bbox 791 594 865 617; x_wconf 85' lang='lat' dir='ltr'>vero</span> <span class='ocrx_word' id='word_1_45' title='bbox 873 584 1006 618; x_wconf 86' lang='lat' dir='ltr'>ducatos</span> 
     </span>
     <span class='ocr_line' id='line_1_13' title="bbox 254 637 1005 682; baseline 0.001 -12"><span class='ocrx_word' id='word_1_46' title='bbox 254 639 434 682; x_wconf 83' lang='lat' dir='ltr'>praedictos</span> <span class='ocrx_word' id='word_1_47' title='bbox 453 638 611 671; x_wconf 87' lang='lat' dir='ltr'>deservire</span> <span class='ocrx_word' id='word_1_48' title='bbox 622 643 652 671; x_wconf 89' lang='lat' dir='ltr'>et</span> <span class='ocrx_word' id='word_1_49' title='bbox 663 649 729 671; x_wconf 84' lang='lat' dir='ltr'>esse</span> <span class='ocrx_word' id='word_1_50' title='bbox 741 648 798 681; x_wconf 82' lang='lat' dir='ltr'>pro</span> <span class='ocrx_word' id='word_1_51' title='bbox 810 637 895 670; x_wconf 80' lang='lat' dir='ltr'>dieto</span> <span class='ocrx_word' id='word_1_52' title='bbox 908 639 1005 671; x_wconf 84' lang='lat' dir='ltr'>cellc-</span> 
     </span>
     <span class='ocr_line' id='line_1_14' title="bbox 252 691 1006 735; baseline -0.003 -9"><span class='ocrx_word' id='word_1_53' title='bbox 252 692 305 735; x_wconf 80' lang='lat' dir='ltr'>gio</span> <span class='ocrx_word' id='word_1_54' title='bbox 314 692 419 726; x_wconf 82' lang='lat' dir='ltr'>Sancti</span> <span class='ocrx_word' id='word_1_55' title='bbox 431 691 600 732; x_wconf 89' lang='lat' dir='ltr'>Dominici,</span> <span class='ocrx_word' id='word_1_56' title='bbox 614 691 677 725; x_wconf 88' lang='lat' dir='ltr'>sive</span> <span class='ocrx_word' id='word_1_57' title='bbox 687 691 816 724; x_wconf 87' lang='lat' dir='ltr'>illorum</span> <span class='ocrx_word' id='word_1_58' title='bbox 827 702 1006 725; x_wconf 88' lang='lat' dir='ltr'>oeconomo</span> 
     </span>
     <span class='ocr_line' id='line_1_15' title="bbox 253 744 1005 789; baseline 0 -10"><span class='ocrx_word' id='word_1_59' title='bbox 253 751 284 779; x_wconf 86' lang='lat' dir='ltr'>ct</span> <span class='ocrx_word' id='word_1_60' title='bbox 303 745 507 789; x_wconf 80' lang='lat' dir='ltr'>procuratori</span> <span class='ocrx_word' id='word_1_61' title='bbox 529 745 723 788; x_wconf 76' lang='lat' dir='ltr'>consignari,</span> <span class='ocrx_word' id='word_1_62' title='bbox 747 749 775 778; x_wconf 91' lang='lat' dir='ltr'>et</span> <span class='ocrx_word' id='word_1_63' title='bbox 801 744 934 789; x_wconf 83' lang='lat' dir='ltr'>insuper</span> <span class='ocrx_word' id='word_1_64' title='bbox 954 757 1005 779; x_wconf 86' lang='lat' dir='ltr'>rc—</span> 
     </span>
     <span class='ocr_line' id='line_1_16' title="bbox 254 798 1005 841; baseline -0.001 -8"><span class='ocrx_word' id='word_1_65' title='bbox 254 804 375 833; x_wconf 83' lang='lat' dir='ltr'>ctorem</span> <span class='ocrx_word' id='word_1_66' title='bbox 388 805 418 833; x_wconf 87' lang='lat' dir='ltr'>et</span> <span class='ocrx_word' id='word_1_67' title='bbox 433 799 546 832; x_wconf 88' lang='lat' dir='ltr'>fratres</span> <span class='ocrx_word' id='word_1_68' title='bbox 556 798 891 841; x_wconf 73' lang='lat' dir='ltr'>collegialesquoiidio</span> <span class='ocrx_word' id='word_1_69' title='bbox 908 809 1005 832; x_wconf 89' lang='lat' dir='ltr'>unam</span> 
     </span>
     <span class='ocr_line' id='line_1_17' title="bbox 253 852 1005 897; baseline 0 -11"><span class='ocrx_word' id='word_1_70' title='bbox 253 853 382 886; x_wconf 90' lang='lat' dir='ltr'>missam</span> <span class='ocrx_word' id='word_1_71' title='bbox 403 853 529 897; x_wconf 87' lang='lat' dir='ltr'>aliaque</span> <span class='ocrx_word' id='word_1_72' title='bbox 559 863 707 897; x_wconf 84' lang='lat' dir='ltr'>expressa</span> <span class='ocrx_word' id='word_1_73' title='bbox 735 852 916 893; x_wconf 87' lang='lat' dir='ltr'>celebrare,</span> <span class='ocrx_word' id='word_1_74' title='bbox 950 854 1005 886; x_wconf 91' lang='lat' dir='ltr'>de-</span> 
     </span>
     <span class='ocr_line' id='line_1_18' title="bbox 253 906 1006 950; baseline 0 -10"><span class='ocrx_word' id='word_1_75' title='bbox 253 912 383 940; x_wconf 87' lang='lat' dir='ltr'>cantare</span> <span class='ocrx_word' id='word_1_76' title='bbox 414 913 444 940; x_wconf 91' lang='lat' dir='ltr'>ct</span> <span class='ocrx_word' id='word_1_77' title='bbox 470 908 591 947; x_wconf 75' lang='lat' dir='ltr'>faeere,</span> <span class='ocrx_word' id='word_1_78' title='bbox 622 917 659 939; x_wconf 87' lang='lat' dir='ltr'>ae</span> <span class='ocrx_word' id='word_1_79' title='bbox 687 906 877 950; x_wconf 85' lang='lat' dir='ltr'>episcopum</span> <span class='ocrx_word' id='word_1_80' title='bbox 892 906 1006 940; x_wconf 87' lang='lat' dir='ltr'>Dertu-</span> 
     </span>
     <span class='ocr_line' id='line_1_19' title="bbox 253 960 1006 1004; baseline -0.001 -10"><span class='ocrx_word' id='word_1_81' title='bbox 253 971 378 994; x_wconf 88' lang='lat' dir='ltr'>sensem</span> <span class='ocrx_word' id='word_1_82' title='bbox 412 960 592 1004; x_wconf 88' lang='lat' dir='ltr'>praefatum</span> <span class='ocrx_word' id='word_1_83' title='bbox 613 960 747 1003; x_wconf 80' lang='lat' dir='ltr'>eiusque</span> <span class='ocrx_word' id='word_1_84' title='bbox 774 960 957 999; x_wconf 83' lang='lat' dir='ltr'>officialem,</span> <span class='ocrx_word' id='word_1_85' title='bbox 981 961 1006 994; x_wconf 83' lang='lat' dir='ltr'>si</span> 
     </span>
     <span class='ocr_line' id='line_1_20' title="bbox 254 1014 1008 1058; baseline 0 -11"><span class='ocrx_word' id='word_1_86' title='bbox 254 1015 384 1058; x_wconf 86' lang='lat' dir='ltr'>quando</span> <span class='ocrx_word' id='word_1_87' title='bbox 414 1014 506 1048; x_wconf 90' lang='lat' dir='ltr'>illum</span> <span class='ocrx_word' id='word_1_88' title='bbox 533 1015 572 1047; x_wconf 86' lang='lat' dir='ltr'>ad</span> <span class='ocrx_word' id='word_1_89' title='bbox 596 1014 789 1047; x_wconf 89' lang='lat' dir='ltr'>visitandum</span> <span class='ocrx_word' id='word_1_90' title='bbox 815 1015 1008 1057; x_wconf 77' lang='lat' dir='ltr'>generaliter</span> 
     </span>
     <span class='ocr_line' id='line_1_21' title="bbox 254 1067 1008 1113; baseline 0.001 -12"><span class='ocrx_word' id='word_1_91' title='bbox 254 1068 303 1101; x_wconf 90' lang='lat' dir='ltr'>vel</span> <span class='ocrx_word' id='word_1_92' title='bbox 324 1068 508 1112; x_wconf 79' lang='lat' dir='ltr'>specialiter</span> <span class='ocrx_word' id='word_1_93' title='bbox 528 1068 700 1113; x_wconf 76' lang='lat' dir='ltr'>parochias</span> <span class='ocrx_word' id='word_1_94' title='bbox 720 1067 881 1101; x_wconf 87' lang='lat' dir='ltr'>dictorum</span> <span class='ocrx_word' id='word_1_95' title='bbox 912 1079 1008 1102; x_wconf 81' lang='lat' dir='ltr'>novo-</span> 
     </span>
     <span class='ocr_line' id='line_1_22' title="bbox 253 1121 1006 1165; baseline 0.001 -11"><span class='ocrx_word' id='word_1_96' title='bbox 253 1132 327 1155; x_wconf 91' lang='lat' dir='ltr'>rum</span> <span class='ocrx_word' id='word_1_97' title='bbox 339 1132 568 1156; x_wconf 89' lang='lat' dir='ltr'>conversorum</span> <span class='ocrx_word' id='word_1_98' title='bbox 590 1122 622 1154; x_wconf 93' lang='lat' dir='ltr'>in</span> <span class='ocrx_word' id='word_1_99' title='bbox 637 1122 721 1155; x_wconf 87' lang='lat' dir='ltr'>dicta</span> <span class='ocrx_word' id='word_1_100' title='bbox 734 1121 887 1165; x_wconf 85' lang='lat' dir='ltr'>parochia</span> <span class='ocrx_word' id='word_1_101' title='bbox 908 1121 918 1144; x_wconf 90' lang='lat'><strong>¹</strong></span> <span class='ocrx_word' id='word_1_102' title='bbox 941 1122 1006 1155; x_wconf 77' lang='lat' dir='ltr'>exi-</span> 
     </span>
     <span class='ocr_line' id='line_1_23' title="bbox 253 1175 1008 1223; baseline 0 -14"><span class='ocrx_word' id='word_1_103' title='bbox 253 1181 371 1209; x_wconf 87' lang='lat' dir='ltr'>stentes</span> <span class='ocrx_word' id='word_1_104' title='bbox 389 1176 435 1209; x_wconf 84' lang='lat' dir='ltr'>ire</span> <span class='ocrx_word' id='word_1_105' title='bbox 452 1176 664 1218; x_wconf 78' lang='lat' dir='ltr'>contingeret,</span> <span class='ocrx_word' id='word_1_106' title='bbox 682 1180 727 1208; x_wconf 86' lang='lat' dir='ltr'>tot</span> <span class='ocrx_word' id='word_1_107' title='bbox 740 1176 853 1223; x_wconf 78' lang='lat' dir='ltr'>fratros</span> <span class='ocrx_word' id='word_1_108' title='bbox 874 1175 1008 1209; x_wconf 82' lang='lat' dir='ltr'>idoneos</span> 
     </span>
     <span class='ocr_line' id='line_1_24' title="bbox 254 1229 1006 1274; baseline -0.001 -11"><span class='ocrx_word' id='word_1_109' title='bbox 254 1229 292 1263; x_wconf 81' lang='lat' dir='ltr'>ad</span> <span class='ocrx_word' id='word_1_110' title='bbox 302 1229 554 1274; x_wconf 87' lang='lat' dir='ltr'>praedicandum</span> <span class='ocrx_word' id='word_1_111' title='bbox 567 1229 598 1263; x_wconf 91' lang='lat' dir='ltr'>in</span> <span class='ocrx_word' id='word_1_112' title='bbox 609 1229 850 1274; x_wconf 73' lang='lat' dir='ltr'>parochialibus</span> <span class='ocrx_word' id='word_1_113' title='bbox 859 1230 1006 1263; x_wconf 86' lang='lat' dir='ltr'>locorum</span> 
     </span>
     <span class='ocr_line' id='line_1_25' title="bbox 255 1282 1007 1327; baseline 0 -11"><span class='ocrx_word' id='word_1_114' title='bbox 255 1288 285 1316; x_wconf 87' lang='lat' dir='ltr'>et</span> <span class='ocrx_word' id='word_1_115' title='bbox 311 1283 508 1327; x_wconf 80' lang='lat' dir='ltr'>oppidorum</span> <span class='ocrx_word' id='word_1_116' title='bbox 542 1283 644 1317; x_wconf 85' lang='lat' dir='ltr'>dictae</span> <span class='ocrx_word' id='word_1_117' title='bbox 664 1282 832 1323; x_wconf 85' lang='lat' dir='ltr'>dioecesis,</span> <span class='ocrx_word' id='word_1_118' title='bbox 855 1283 923 1326; x_wconf 82' lang='lat' dir='ltr'>qui,</span> <span class='ocrx_word' id='word_1_119' title='bbox 953 1283 1007 1316; x_wconf 91' lang='lat' dir='ltr'>ubi</span> 
     </span>
     <span class='ocr_line' id='line_1_26' title="bbox 254 1336 1007 1382; baseline 0.001 -13"><span class='ocrx_word' id='word_1_120' title='bbox 254 1336 428 1381; x_wconf 90' lang='lat' dir='ltr'>episcopus</span> <span class='ocrx_word' id='word_1_121' title='bbox 447 1343 478 1371; x_wconf 91' lang='lat' dir='ltr'>ct</span> <span class='ocrx_word' id='word_1_122' title='bbox 498 1338 566 1371; x_wconf 87' lang='lat' dir='ltr'>cius</span> <span class='ocrx_word' id='word_1_123' title='bbox 582 1337 736 1371; x_wconf 80' lang='lat' dir='ltr'>officiales</span> <span class='ocrx_word' id='word_1_124' title='bbox 755 1337 889 1381; x_wconf 87' lang='lat' dir='ltr'>praefati</span> <span class='ocrx_word' id='word_1_125' title='bbox 911 1348 1007 1382; x_wconf 87' lang='lat' dir='ltr'>prac-</span> 
     </span>
     <span class='ocr_line' id='line_1_27' title="bbox 255 1391 1008 1436; baseline 0.003 -13"><span class='ocrx_word' id='word_1_126' title='bbox 255 1396 360 1424; x_wconf 86' lang='lat' dir='ltr'>sentes</span> <span class='ocrx_word' id='word_1_127' title='bbox 379 1402 435 1425; x_wconf 86' lang='lat' dir='ltr'>seu</span> <span class='ocrx_word' id='word_1_128' title='bbox 448 1402 561 1425; x_wconf 89' lang='lat' dir='ltr'>eorum</span> <span class='ocrx_word' id='word_1_129' title='bbox 573 1392 653 1424; x_wconf 88' lang='lat' dir='ltr'>alter</span> <span class='ocrx_word' id='word_1_130' title='bbox 664 1401 816 1436; x_wconf 85' lang='lat' dir='ltr'>praesens</span> <span class='ocrx_word' id='word_1_131' title='bbox 825 1391 918 1432; x_wconf 82' lang='lat' dir='ltr'>soret,</span> <span class='ocrx_word' id='word_1_132' title='bbox 930 1403 1008 1435; x_wconf 65' lang='lat' dir='ltr'>pric-</span> 
     </span>
     <span class='ocr_line' id='line_1_28' title="bbox 253 1444 1004 1486; baseline 0.001 -9"><span class='ocrx_word' id='word_1_133' title='bbox 253 1444 363 1478; x_wconf 88' lang='lat' dir='ltr'>dicare</span> <span class='ocrx_word' id='word_1_134' title='bbox 373 1450 572 1486; x_wconf 84' lang='lat' dir='ltr'>tenerentur,</span> <span class='ocrx_word' id='word_1_135' title='bbox 586 1456 696 1479; x_wconf 89' lang='lat' dir='ltr'>secum</span> <span class='ocrx_word' id='word_1_136' title='bbox 707 1445 826 1478; x_wconf 88' lang='lat' dir='ltr'>ducere</span> <span class='ocrx_word' id='word_1_137' title='bbox 836 1450 863 1478; x_wconf 88' lang='lat' dir='ltr'>et</span> <span class='ocrx_word' id='word_1_138' title='bbox 883 1451 1004 1486; x_wconf 84' lang='lat' dir='ltr'>tencre,</span> 
     </span>
     <span class='ocr_line' id='line_1_29' title="bbox 256 1498 1006 1542; baseline 0.003 -12"><span class='ocrx_word' id='word_1_139' title='bbox 256 1508 425 1542; x_wconf 86' lang='lat' dir='ltr'>unumque</span> <span class='ocrx_word' id='word_1_140' title='bbox 452 1499 577 1542; x_wconf 76' lang='lat' dir='ltr'>regium</span> <span class='ocrx_word' id='word_1_141' title='bbox 602 1499 738 1532; x_wconf 83' lang='lat' dir='ltr'>fratrum</span> <span class='ocrx_word' id='word_1_142' title='bbox 769 1498 815 1532; x_wconf 60' lang='lat' dir='ltr'>ss.</span> <span class='ocrx_word' id='word_1_143' title='bbox 849 1498 1006 1532; x_wconf 85' lang='lat' dir='ltr'>Dominici</span> 
     </span>
     <span class='ocr_line' id='line_1_30' title="bbox 254 1551 1007 1597; baseline 0.003 -13"><span class='ocrx_word' id='word_1_144' title='bbox 254 1556 285 1584; x_wconf 90' lang='lat' dir='ltr'>et</span> <span class='ocrx_word' id='word_1_145' title='bbox 304 1551 485 1595; x_wconf 78' lang='lat' dir='ltr'>Georgii‚et</span> <span class='ocrx_word' id='word_1_146' title='bbox 504 1552 640 1587; x_wconf 88' lang='lat' dir='ltr'>alterum</span> <span class='ocrx_word' id='word_1_147' title='bbox 656 1554 825 1587; x_wconf 87' lang='lat' dir='ltr'>Beatorum</span> <span class='ocrx_word' id='word_1_148' title='bbox 838 1554 1007 1597; x_wconf 80' lang='lat' dir='ltr'>Apostolo-</span> 
     </span>
     <span class='ocr_line' id='line_1_31' title="bbox 254 1606 1008 1641; baseline 0.004 -3"><span class='ocrx_word' id='word_1_149' title='bbox 254 1616 327 1638; x_wconf 90' lang='lat' dir='ltr'>rum</span> <span class='ocrx_word' id='word_1_150' title='bbox 354 1606 501 1640; x_wconf 86' lang='lat' dir='ltr'>Matthiae</span> <span class='ocrx_word' id='word_1_151' title='bbox 522 1613 552 1641; x_wconf 89' lang='lat' dir='ltr'>et</span> <span class='ocrx_word' id='word_1_152' title='bbox 572 1607 677 1641; x_wconf 89' lang='lat' dir='ltr'>Iacobi</span> <span class='ocrx_word' id='word_1_153' title='bbox 704 1618 861 1641; x_wconf 81' lang='lat' dir='ltr'>novorum</span> <span class='ocrx_word' id='word_1_154' title='bbox 878 1618 1008 1641; x_wconf 81' lang='lat' dir='ltr'>eonver-</span> 
     </span>
    </p>
   </div>
   <div class='ocr_carea' id='block_1_5' title="bbox 254 1661 1035 2643">
    <p class='ocr_par' dir='ltr' id='par_1_5' title="bbox 254 1661 1010 2146">
     <span class='ocr_line' id='line_1_32' title="bbox 254 1661 1008 1704; baseline 0.001 -11"><span class='ocrx_word' id='word_1_155' title='bbox 254 1670 365 1693; x_wconf 90' lang='lat' dir='ltr'>sorum</span> <span class='ocrx_word' id='word_1_156' title='bbox 386 1661 521 1704; x_wconf 77' lang='lat' dir='ltr'>collegia</span> <span class='ocrx_word' id='word_1_157' title='bbox 547 1661 707 1694; x_wconf 88' lang='lat' dir='ltr'>nominari</span> <span class='ocrx_word' id='word_1_158' title='bbox 730 1662 858 1702; x_wconf 84' lang='lat' dir='ltr'>debere,</span> <span class='ocrx_word' id='word_1_159' title='bbox 882 1661 1008 1704; x_wconf 83' lang='lat' dir='ltr'>aliaque</span> 
     </span>
     <span class='ocr_line' id='line_1_33' title="bbox 254 1710 1008 1751; baseline 0.003 -9"><span class='ocrx_word' id='word_1_160' title='bbox 254 1710 410 1751; x_wconf 89' lang='lat' dir='ltr'>voluerat,</span> <span class='ocrx_word' id='word_1_161' title='bbox 438 1711 644 1745; x_wconf 84' lang='lat' dir='ltr'>mandaverat</span> <span class='ocrx_word' id='word_1_162' title='bbox 668 1717 699 1745; x_wconf 89' lang='lat' dir='ltr'>et</span> <span class='ocrx_word' id='word_1_163' title='bbox 724 1711 935 1745; x_wconf 70' lang='lat' dir='ltr'>ordinaverat.</span> <span class='ocrx_word' id='word_1_164' title='bbox 965 1712 1008 1744; x_wconf 74' lang='lat' dir='ltr'>Ac</span> 
     </span>
     <span class='ocr_line' id='line_1_34' title="bbox 255 1759 1008 1804; baseline 0.001 -12"><span class='ocrx_word' id='word_1_165' title='bbox 255 1759 432 1794; x_wconf 74' lang='lat' dir='ltr'>successive</span> <span class='ocrx_word' id='word_1_166' title='bbox 453 1761 625 1804; x_wconf 76' lang='lat' dir='ltr'>collegium</span> <span class='ocrx_word' id='word_1_167' title='bbox 652 1772 809 1795; x_wconf 88' lang='lat' dir='ltr'>novorum</span> <span class='ocrx_word' id='word_1_168' title='bbox 837 1771 1008 1795; x_wconf 84' lang='lat' dir='ltr'>couverso-</span> 
     </span>
     <span class='ocr_line' id='line_1_35' title="bbox 254 1809 1008 1852; baseline 0 -11"><span class='ocrx_word' id='word_1_169' title='bbox 254 1819 327 1842; x_wconf 88' lang='lat' dir='ltr'>rum</span> <span class='ocrx_word' id='word_1_170' title='bbox 347 1809 535 1843; x_wconf 87' lang='lat' dir='ltr'>huiusmodi</span> <span class='ocrx_word' id='word_1_171' title='bbox 556 1811 738 1852; x_wconf 85' lang='lat' dir='ltr'>fundatum,</span> <span class='ocrx_word' id='word_1_172' title='bbox 753 1817 783 1844; x_wconf 89' lang='lat' dir='ltr'>et</span> <span class='ocrx_word' id='word_1_173' title='bbox 803 1809 948 1843; x_wconf 87' lang='lat' dir='ltr'>fundatio</span> <span class='ocrx_word' id='word_1_174' title='bbox 970 1809 1008 1842; x_wconf 90' lang='lat' dir='ltr'>il—</span> 
     </span>
     <span class='ocr_line' id='line_1_36' title="bbox 255 1859 1007 1902; baseline 0.001 -11"><span class='ocrx_word' id='word_1_175' title='bbox 255 1859 383 1902; x_wconf 86' lang='lat' dir='ltr'>liusque</span> <span class='ocrx_word' id='word_1_176' title='bbox 403 1859 722 1901; x_wconf 87' lang='lat' dir='ltr'>dotatio,concessi0,</span> <span class='ocrx_word' id='word_1_177' title='bbox 739 1860 898 1901; x_wconf 81' lang='lat' dir='ltr'>voluntas,</span> <span class='ocrx_word' id='word_1_178' title='bbox 915 1871 1007 1893; x_wconf 90' lang='lat' dir='ltr'>man-</span> 
     </span>
     <span class='ocr_line' id='line_1_37' title="bbox 255 1907 1009 1950; baseline 0.001 -10"><span class='ocrx_word' id='word_1_179' title='bbox 255 1907 364 1940; x_wconf 88' lang='lat' dir='ltr'>datum</span> <span class='ocrx_word' id='word_1_180' title='bbox 385 1913 416 1942; x_wconf 90' lang='lat' dir='ltr'>et</span> <span class='ocrx_word' id='word_1_181' title='bbox 435 1908 632 1950; x_wconf 89' lang='lat' dir='ltr'>ordinatum,</span> <span class='ocrx_word' id='word_1_182' title='bbox 645 1909 860 1950; x_wconf 84' lang='lat' dir='ltr'>confirmatio,</span> <span class='ocrx_word' id='word_1_183' title='bbox 879 1914 1009 1942; x_wconf 84' lang='lat' dir='ltr'>statuta-</span> 
     </span>
     <span class='ocr_line' id='line_1_38' title="bbox 254 1957 1009 2003; baseline 0 -13"><span class='ocrx_word' id='word_1_184' title='bbox 254 1967 318 2001; x_wconf 87' lang='lat' dir='ltr'>que</span> <span class='ocrx_word' id='word_1_185' title='bbox 328 1962 359 1990; x_wconf 85' lang='lat' dir='ltr'>et</span> <span class='ocrx_word' id='word_1_186' title='bbox 370 1957 590 1992; x_wconf 78' lang='lat' dir='ltr'>ordinationes</span> <span class='ocrx_word' id='word_1_187' title='bbox 602 1959 742 2003; x_wconf 79' lang='lat' dir='ltr'>desuper</span> <span class='ocrx_word' id='word_1_188' title='bbox 752 1958 865 1992; x_wconf 80' lang='lat' dir='ltr'>edendi</span> <span class='ocrx_word' id='word_1_189' title='bbox 884 1963 914 1991; x_wconf 92' lang='lat' dir='ltr'>et</span> <span class='ocrx_word' id='word_1_190' title='bbox 925 1958 1009 1991; x_wconf 80' lang='lat' dir='ltr'>edita</span> 
     </span>
     <span class='ocr_line' id='line_1_39' title="bbox 255 2007 1010 2052; baseline 0.001 -13"><span class='ocrx_word' id='word_1_191' title='bbox 255 2007 401 2040; x_wconf 84' lang='lat' dir='ltr'>mutandi</span> <span class='ocrx_word' id='word_1_192' title='bbox 421 2018 458 2040; x_wconf 91' lang='lat' dir='ltr'>ac</span> <span class='ocrx_word' id='word_1_193' title='bbox 475 2008 646 2049; x_wconf 86' lang='lat' dir='ltr'>alterandi,</span> <span class='ocrx_word' id='word_1_194' title='bbox 668 2008 796 2052; x_wconf 84' lang='lat' dir='ltr'>aliaque</span> <span class='ocrx_word' id='word_1_195' title='bbox 817 2008 855 2041; x_wconf 90' lang='lat' dir='ltr'>de</span> <span class='ocrx_word' id='word_1_196' title='bbox 869 2018 951 2041; x_wconf 84' lang='lat' dir='ltr'>novo</span> <span class='ocrx_word' id='word_1_197' title='bbox 968 2009 1010 2040; x_wconf 80' lang='lat' dir='ltr'>ta-</span> 
     </span>
     <span class='ocr_line' id='line_1_40' title="bbox 255 2056 1010 2100; baseline 0.001 -12"><span class='ocrx_word' id='word_1_198' title='bbox 255 2056 362 2088; x_wconf 88' lang='lat' dir='ltr'>ciendi</span> <span class='ocrx_word' id='word_1_199' title='bbox 387 2056 521 2089; x_wconf 84' lang='lat' dir='ltr'>facultas</span> <span class='ocrx_word' id='word_1_200' title='bbox 542 2068 704 2099; x_wconf 87' lang='lat' dir='ltr'>concessa,</span> <span class='ocrx_word' id='word_1_201' title='bbox 725 2057 810 2091; x_wconf 87' lang='lat' dir='ltr'>dicta</span> <span class='ocrx_word' id='word_1_202' title='bbox 833 2057 1010 2100; x_wconf 85' lang='lat' dir='ltr'>apostolica</span> 
     </span>
     <span class='ocr_line' id='line_1_41' title="bbox 255 2105 597 2146; baseline 0.006 -8"><span class='ocrx_word' id='word_1_203' title='bbox 255 2105 456 2146; x_wconf 85' lang='lat' dir='ltr'>auctoritate,</span> <span class='ocrx_word' id='word_1_204' title='bbox 482 2106 597 2140; x_wconf 88' lang='lat' dir='ltr'>fuerat.</span> 
     </span>
    </p>

    <p class='ocr_par' dir='ltr' id='par_1_6' title="bbox 257 2154 1035 2643">
     <span class='ocr_line' id='line_1_42' title="bbox 301 2154 1009 2199; baseline 0.001 -12"><span class='ocrx_word' id='word_1_205' title='bbox 301 2155 315 2198; x_wconf 65' lang='grc' dir='ltr'>ξ</span> <span class='ocrx_word' id='word_1_206' title='bbox 335 2154 367 2188; x_wconf 70' lang='lat'>2.</span> <span class='ocrx_word' id='word_1_207' title='bbox 389 2154 509 2188; x_wconf 85' lang='lat' dir='ltr'>Deinde</span> <span class='ocrx_word' id='word_1_208' title='bbox 534 2166 609 2189; x_wconf 88' lang='lat' dir='ltr'>vero</span> <span class='ocrx_word' id='word_1_209' title='bbox 634 2155 718 2189; x_wconf 90' lang='lat' dir='ltr'>idem</span> <span class='ocrx_word' id='word_1_210' title='bbox 749 2155 917 2199; x_wconf 82' lang='lat' dir='ltr'>Philippus</span> <span class='ocrx_word' id='word_1_211' title='bbox 941 2166 1009 2196; x_wconf 67' lang='lat' dir='ltr'>rcx‘,</span> 
     </span>
     <span class='ocr_line' id='line_1_43' title="bbox 257 2204 1013 2248; baseline 0 -11"><span class='ocrx_word' id='word_1_212' title='bbox 257 2209 365 2237; x_wconf 91' lang='lat' dir='ltr'>erecto</span> <span class='ocrx_word' id='word_1_213' title='bbox 385 2204 448 2237; x_wconf 91' lang='lat' dir='ltr'>iam</span> <span class='ocrx_word' id='word_1_214' title='bbox 477 2205 562 2238; x_wconf 87' lang='lat' dir='ltr'>dicte</span> <span class='ocrx_word' id='word_1_215' title='bbox 584 2205 719 2248; x_wconf 82' lang='lat' dir='ltr'>collegio</span> <span class='ocrx_word' id='word_1_216' title='bbox 748 2215 906 2238; x_wconf 86' lang='lat' dir='ltr'>novorum</span> <span class='ocrx_word' id='word_1_217' title='bbox 936 2215 1013 2238; x_wconf 87' lang='lat' dir='ltr'>con-</span> 
     </span>
     <span class='ocr_line' id='line_1_44' title="bbox 257 2254 1011 2298; baseline 0.001 -12"><span class='ocrx_word' id='word_1_218' title='bbox 257 2263 435 2295; x_wconf 84' lang='lat' dir='ltr'>versorum,</span> <span class='ocrx_word' id='word_1_219' title='bbox 456 2259 486 2287; x_wconf 87' lang='lat' dir='ltr'>et</span> <span class='ocrx_word' id='word_1_220' title='bbox 510 2254 673 2298; x_wconf 80' lang='lat' dir='ltr'>aliquibus</span> <span class='ocrx_word' id='word_1_221' title='bbox 705 2265 741 2287; x_wconf 77' lang='lat' dir='ltr'>ex</span> <span class='ocrx_word' id='word_1_222' title='bbox 762 2254 892 2287; x_wconf 88' lang='lat' dir='ltr'>illorum</span> <span class='ocrx_word' id='word_1_223' title='bbox 913 2264 1011 2287; x_wconf 86' lang='lat' dir='ltr'>novo-</span> 
     </span>
     <span class='ocr_line' id='line_1_45' title="bbox 259 2303 1009 2344; baseline 0.001 -9"><span class='ocrx_word' id='word_1_224' title='bbox 259 2313 331 2336; x_wconf 89' lang='lat' dir='ltr'>rum</span> <span class='ocrx_word' id='word_1_225' title='bbox 348 2314 577 2337; x_wconf 84' lang='lat' dir='ltr'>conversorum</span> <span class='ocrx_word' id='word_1_226' title='bbox 599 2304 682 2337; x_wconf 87' lang='lat' dir='ltr'>natis</span> <span class='ocrx_word' id='word_1_227' title='bbox 696 2304 735 2337; x_wconf 91' lang='lat' dir='ltr'>ad</span> <span class='ocrx_word' id='word_1_228' title='bbox 756 2303 836 2336; x_wconf 88' lang='lat' dir='ltr'>illud</span> <span class='ocrx_word' id='word_1_229' title='bbox 852 2303 1009 2344; x_wconf 84' lang='lat' dir='ltr'>adductis,</span> 
     </span>
     <span class='ocr_line' id='line_1_46' title="bbox 258 2352 1011 2396; baseline 0 -11"><span class='ocrx_word' id='word_1_230' title='bbox 258 2358 294 2385; x_wconf 91' lang='lat' dir='ltr'>ut</span> <span class='ocrx_word' id='word_1_231' title='bbox 312 2352 438 2386; x_wconf 84' lang='lat' dir='ltr'>facilius</span> <span class='ocrx_word' id='word_1_232' title='bbox 467 2353 498 2385; x_wconf 91' lang='lat' dir='ltr'>in</span> <span class='ocrx_word' id='word_1_233' title='bbox 519 2353 582 2385; x_wconf 81' lang='lat' dir='ltr'>tide</span> <span class='ocrx_word' id='word_1_234' title='bbox 608 2353 766 2386; x_wconf 83' lang='lat' dir='ltr'>catholica</span> <span class='ocrx_word' id='word_1_235' title='bbox 790 2354 932 2396; x_wconf 83' lang='lat' dir='ltr'>praefata</span> <span class='ocrx_word' id='word_1_236' title='bbox 962 2352 1011 2385; x_wconf 89' lang='lat' dir='ltr'>in-</span> 
     </span>
     <span class='ocr_line' id='line_1_47' title="bbox 258 2401 1033 2445; baseline -0.001 -10"><span class='ocrx_word' id='word_1_237' title='bbox 258 2407 472 2443; x_wconf 87' lang='lat' dir='ltr'>struerentur,</span> <span class='ocrx_word' id='word_1_238' title='bbox 488 2408 519 2436; x_wconf 91' lang='lat' dir='ltr'>ct</span> <span class='ocrx_word' id='word_1_239' title='bbox 533 2402 578 2435; x_wconf 92' lang='lat' dir='ltr'>illi</span> <span class='ocrx_word' id='word_1_240' title='bbox 594 2414 631 2436; x_wconf 85' lang='lat' dir='ltr'>ac</span> <span class='ocrx_word' id='word_1_241' title='bbox 651 2402 714 2442; x_wconf 88' lang='lat' dir='ltr'>alii,</span> <span class='ocrx_word' id='word_1_242' title='bbox 729 2401 784 2445; x_wconf 81' lang='lat' dir='ltr'>qui</span> <span class='ocrx_word' id='word_1_243' title='bbox 802 2402 917 2435; x_wconf 89' lang='lat' dir='ltr'>futuris</span> <span class='ocrx_word' id='word_1_244' title='bbox 930 2408 1012 2435; x_wconf 83' lang='lat' dir='ltr'>tem-</span> <span class='ocrx_word' id='word_1_245' title='bbox 1032 2417 1033 2427; x_wconf 38' lang='grc' dir='ltr'>π</span> 
     </span>
     <span class='ocr_line' id='line_1_48' title="bbox 258 2451 1011 2495; baseline 0 -11"><span class='ocrx_word' id='word_1_246' title='bbox 258 2451 392 2495; x_wconf 88' lang='lat' dir='ltr'>poribus</span> <span class='ocrx_word' id='word_1_247' title='bbox 411 2452 533 2486; x_wconf 86' lang='lat' dir='ltr'>dictum</span> <span class='ocrx_word' id='word_1_248' title='bbox 554 2451 725 2494; x_wconf 76' lang='lat' dir='ltr'>collegium</span> <span class='ocrx_word' id='word_1_249' title='bbox 756 2461 911 2483; x_wconf 81' lang='lat' dir='ltr'>novorum</span> <span class='ocrx_word' id='word_1_250' title='bbox 934 2462 1011 2484; x_wconf 88' lang='lat' dir='ltr'>con-</span> 
     </span>
     <span class='ocr_line' id='line_1_49' title="bbox 258 2499 1012 2545; baseline -0.001 -12"><span class='ocrx_word' id='word_1_251' title='bbox 258 2511 423 2534; x_wconf 86' lang='lat' dir='ltr'>versorum</span> <span class='ocrx_word' id='word_1_252' title='bbox 445 2501 704 2545; x_wconf 75' lang='lat' dir='ltr'>ingrederentur,</span> <span class='ocrx_word' id='word_1_253' title='bbox 727 2500 869 2533; x_wconf 85' lang='lat' dir='ltr'>debitum</span> <span class='ocrx_word' id='word_1_254' title='bbox 890 2499 1012 2533; x_wconf 86' lang='lat' dir='ltr'>vivendi</span> 
     </span>
     <span class='ocr_line' id='line_1_50' title="bbox 258 2549 1035 2614; baseline -0.001 -32"><span class='ocrx_word' id='word_1_255' title='bbox 258 2549 390 2583; x_wconf 87' lang='lat' dir='ltr'>modum</span> <span class='ocrx_word' id='word_1_256' title='bbox 416 2551 639 2590; x_wconf 76' lang='lat' dir='ltr'>observarent,</span> <span class='ocrx_word' id='word_1_257' title='bbox 669 2549 827 2593; x_wconf 86' lang='lat' dir='ltr'>quaedam</span> <span class='ocrx_word' id='word_1_258' title='bbox 853 2549 1010 2593; x_wconf 88' lang='lat' dir='ltr'>capitula,</span> <span class='ocrx_word' id='word_1_259' title='bbox 1031 2571 1035 2614; x_wconf 60' lang='grc'>1</span> 
     </span>
     <span class='ocr_line' id='line_1_51' title="bbox 257 2598 1012 2643; baseline -0.001 -11"><span class='ocrx_word' id='word_1_260' title='bbox 257 2599 410 2643; x_wconf 86' lang='lat' dir='ltr'>optimam</span> <span class='ocrx_word' id='word_1_261' title='bbox 431 2599 517 2633; x_wconf 82' lang='lat' dir='ltr'>illius</span> <span class='ocrx_word' id='word_1_262' title='bbox 534 2598 799 2642; x_wconf 78' lang='lat' dir='ltr'>gubernationem</span> <span class='ocrx_word' id='word_1_263' title='bbox 818 2609 1012 2632; x_wconf 80' lang='lat' dir='ltr'>concernen-</span> 
     </span>
    </p>
   </div>
   <div class='ocr_carea' id='block_1_6' title="bbox 1028 1501 1035 2567">
    <p class='ocr_par' dir='ltr' id='par_1_7' title="bbox 1028 1501 1035 2567">
     <span class='ocr_line' id='line_1_52' title="bbox 1028 1501 1035 2567; baseline 0 0"><span class='ocrx_word' id='word_1_264' title='bbox 1028 1501 1035 2567; x_wconf 95' lang='lat' dir='ltr'> </span> 
     </span>
    </p>
   </div>
   <div class='ocr_carea' id='block_1_7' title="bbox 291 2671 711 2707">
    <p class='ocr_par' dir='ltr' id='par_1_8' title="bbox 291 2671 711 2707">
     <span class='ocr_line' id='line_1_53' title="bbox 291 2671 711 2707; baseline -0.005 -9"><span class='ocrx_word' id='word_1_265' title='bbox 291 2672 330 2704; x_wconf 76' lang='grc' dir='ltr'>(Ι)</span> <span class='ocrx_word' id='word_1_266' title='bbox 348 2671 465 2707; x_wconf 78' lang='lat' dir='ltr'>Legimus</span> <span class='ocrx_word' id='word_1_267' title='bbox 484 2673 593 2698; x_wconf 73' lang='lat' dir='ltr'>dioecesi</span> <span class='ocrx_word' id='word_1_268' title='bbox 609 2672 646 2706; x_wconf 84' lang='lat' dir='ltr'>(n.</span> <span class='ocrx_word' id='word_1_269' title='bbox 664 2671 711 2705; x_wconf 76' lang='lat' dir='ltr'>r).</span> 
     </span>
    </p>
   </div>
   <div class='ocr_carea' id='block_1_8' title="bbox 1046 311 1809 2637">
    <p class='ocr_par' dir='ltr' id='par_1_9' title="bbox 1046 311 1809 2637">
     <span class='ocr_line' id='line_1_54' title="bbox 1046 311 1797 356; baseline -0.001 -9"><span class='ocrx_word' id='word_1_270' title='bbox 1046 314 1101 356; x_wconf 89' lang='lat' dir='ltr'>tia,</span> <span class='ocrx_word' id='word_1_271' title='bbox 1124 313 1191 347; x_wconf 83' lang='lat' dir='ltr'>fieri</span> <span class='ocrx_word' id='word_1_272' title='bbox 1212 312 1314 354; x_wconf 85' lang='lat' dir='ltr'>iussit,</span> <span class='ocrx_word' id='word_1_273' title='bbox 1338 317 1437 356; x_wconf 83' lang='lat' dir='ltr'>utque</span> <span class='ocrx_word' id='word_1_274' title='bbox 1456 311 1599 356; x_wconf 83' lang='lat' dir='ltr'>qualibet</span> <span class='ocrx_word' id='word_1_275' title='bbox 1618 311 1668 345; x_wconf 90' lang='lat' dir='ltr'>die</span> <span class='ocrx_word' id='word_1_276' title='bbox 1691 311 1723 344; x_wconf 90' lang='lat' dir='ltr'>in</span> <span class='ocrx_word' id='word_1_277' title='bbox 1744 323 1797 346; x_wconf 91' lang='lat' dir='ltr'>cc-</span> 
     </span>
     <span class='ocr_line' id='line_1_55' title="bbox 1047 365 1798 409; baseline 0 -9"><span class='ocrx_word' id='word_1_278' title='bbox 1047 367 1143 401; x_wconf 87' lang='lat' dir='ltr'>clesia</span> <span class='ocrx_word' id='word_1_279' title='bbox 1155 378 1220 400; x_wconf 91' lang='lat' dir='ltr'>una</span> <span class='ocrx_word' id='word_1_280' title='bbox 1237 366 1344 406; x_wconf 86' lang='lat' dir='ltr'>missa,</span> <span class='ocrx_word' id='word_1_281' title='bbox 1366 365 1523 399; x_wconf 87' lang='lat' dir='ltr'>submissa</span> <span class='ocrx_word' id='word_1_282' title='bbox 1541 377 1630 407; x_wconf 88' lang='lat' dir='ltr'>voce,</span> <span class='ocrx_word' id='word_1_283' title='bbox 1652 376 1710 409; x_wconf 88' lang='lat' dir='ltr'>per</span> <span class='ocrx_word' id='word_1_284' title='bbox 1730 377 1798 400; x_wconf 90' lang='lat' dir='ltr'>ma-</span> 
     </span>
     <span class='ocr_line' id='line_1_56' title="bbox 1046 419 1799 465; baseline -0.001 -11"><span class='ocrx_word' id='word_1_285' title='bbox 1046 422 1181 465; x_wconf 80' lang='lat' dir='ltr'>gistrum</span> <span class='ocrx_word' id='word_1_286' title='bbox 1203 420 1418 464; x_wconf 80' lang='lat' dir='ltr'>collegialium</span> <span class='ocrx_word' id='word_1_287' title='bbox 1435 425 1619 453; x_wconf 89' lang='lat' dir='ltr'>nostrorum</span> <span class='ocrx_word' id='word_1_288' title='bbox 1638 419 1649 442; x_wconf 85' lang='lat'><strong>¹</strong></span> <span class='ocrx_word' id='word_1_289' title='bbox 1671 430 1799 453; x_wconf 84' lang='lat' dir='ltr'>convcr-</span> 
     </span>
     <span class='ocr_line' id='line_1_57' title="bbox 1047 473 1799 516; baseline -0.001 -9"><span class='ocrx_word' id='word_1_290' title='bbox 1047 485 1157 508; x_wconf 88' lang='lat' dir='ltr'>sorum</span> <span class='ocrx_word' id='word_1_291' title='bbox 1185 474 1370 508; x_wconf 88' lang='lat' dir='ltr'>huiusmodi</span> <span class='ocrx_word' id='word_1_292' title='bbox 1403 479 1459 507; x_wconf 90' lang='lat' dir='ltr'>aut</span> <span class='ocrx_word' id='word_1_293' title='bbox 1483 473 1583 506; x_wconf 89' lang='lat' dir='ltr'>alium</span> <span class='ocrx_word' id='word_1_294' title='bbox 1612 473 1799 516; x_wconf 81' lang='lat' dir='ltr'>religiosum</span> 
     </span>
     <span class='ocr_line' id='line_1_58' title="bbox 1047 527 1800 572; baseline -0.003 -10"><span class='ocrx_word' id='word_1_295' title='bbox 1047 528 1173 571; x_wconf 72' lang='lat' dir='ltr'>collegii</span> <span class='ocrx_word' id='word_1_296' title='bbox 1194 529 1328 562; x_wconf 85' lang='lat' dir='ltr'>fratrum</span> <span class='ocrx_word' id='word_1_297' title='bbox 1343 555 1350 569; x_wconf 96' lang='lat'>,</span> <span class='ocrx_word' id='word_1_298' title='bbox 1381 539 1440 572; x_wconf 89' lang='lat' dir='ltr'>pro</span> <span class='ocrx_word' id='word_1_299' title='bbox 1460 538 1535 571; x_wconf 77' lang='lat' dir='ltr'>rege</span> <span class='ocrx_word' id='word_1_300' title='bbox 1560 527 1719 561; x_wconf 89' lang='lat' dir='ltr'>catholico</span> <span class='ocrx_word' id='word_1_301' title='bbox 1733 554 1741 568; x_wconf 82' lang='lat'>,</span> <span class='ocrx_word' id='word_1_302' title='bbox 1767 527 1800 560; x_wconf 92' lang='lat' dir='ltr'>in</span> 
     </span>
     <span class='ocr_line' id='line_1_59' title="bbox 1047 580 1801 626; baseline 0 -12"><span class='ocrx_word' id='word_1_303' title='bbox 1047 594 1111 625; x_wconf 85' lang='lat' dir='ltr'>qua</span> <span class='ocrx_word' id='word_1_304' title='bbox 1135 583 1213 615; x_wconf 76' lang='lat' dir='ltr'>liant</span> <span class='ocrx_word' id='word_1_305' title='bbox 1241 582 1398 626; x_wconf 80' lang='lat' dir='ltr'>speciales</span> <span class='ocrx_word' id='word_1_306' title='bbox 1427 581 1580 615; x_wconf 81' lang='lat' dir='ltr'>collectae</span> <span class='ocrx_word' id='word_1_307' title='bbox 1613 591 1672 625; x_wconf 89' lang='lat' dir='ltr'>pro</span> <span class='ocrx_word' id='word_1_308' title='bbox 1700 580 1801 625; x_wconf 87' lang='lat' dir='ltr'>ipsius</span> 
     </span>
     <span class='ocr_line' id='line_1_60' title="bbox 1047 634 1801 679; baseline 0 -11"><span class='ocrx_word' id='word_1_309' title='bbox 1047 636 1130 679; x_wconf 72' lang='lat' dir='ltr'>regis</span> <span class='ocrx_word' id='word_1_310' title='bbox 1146 647 1282 679; x_wconf 80' lang='lat' dir='ltr'>persona</span> <span class='ocrx_word' id='word_1_311' title='bbox 1294 642 1322 669; x_wconf 93' lang='lat' dir='ltr'>et</span> <span class='ocrx_word' id='word_1_312' title='bbox 1341 635 1526 679; x_wconf 79' lang='lat' dir='ltr'>illiusregni</span> <span class='ocrx_word' id='word_1_313' title='bbox 1541 634 1704 675; x_wconf 87' lang='lat' dir='ltr'>dominiis,</span> <span class='ocrx_word' id='word_1_314' title='bbox 1723 645 1801 668; x_wconf 90' lang='lat' dir='ltr'>con-</span> 
     </span>
     <span class='ocr_line' id='line_1_61' title="bbox 1047 688 1802 733; baseline -0.001 -10"><span class='ocrx_word' id='word_1_315' title='bbox 1047 689 1117 723; x_wconf 82' lang='lat' dir='ltr'>silio</span> <span class='ocrx_word' id='word_1_316' title='bbox 1138 696 1169 723; x_wconf 84' lang='lat' dir='ltr'>et</span> <span class='ocrx_word' id='word_1_317' title='bbox 1188 690 1351 731; x_wconf 78' lang='lat' dir='ltr'>exercitu,</span> <span class='ocrx_word' id='word_1_318' title='bbox 1378 695 1408 723; x_wconf 87' lang='lat' dir='ltr'>ct</span> <span class='ocrx_word' id='word_1_319' title='bbox 1427 699 1485 733; x_wconf 86' lang='lat' dir='ltr'>pro</span> <span class='ocrx_word' id='word_1_320' title='bbox 1509 688 1679 722; x_wconf 83' lang='lat' dir='ltr'>animabus</span> <span class='ocrx_word' id='word_1_321' title='bbox 1698 689 1802 722; x_wconf 90' lang='lat' dir='ltr'>honac</span> 
     </span>
     <span class='ocr_line' id='line_1_62' title="bbox 1048 743 1801 787; baseline 0.001 -12"><span class='ocrx_word' id='word_1_322' title='bbox 1048 743 1222 777; x_wconf 86' lang='lat' dir='ltr'>memoriae</span> <span class='ocrx_word' id='word_1_323' title='bbox 1240 754 1350 787; x_wconf 73' lang='lat' dir='ltr'>regum</span> <span class='ocrx_word' id='word_1_324' title='bbox 1364 744 1547 787; x_wconf 70' lang='lat' dir='ltr'>Aragonum</span> <span class='ocrx_word' id='word_1_325' title='bbox 1564 743 1801 783; x_wconf 88' lang='lat' dir='ltr'>defunctorum,</span> 
     </span>
     <span class='ocr_line' id='line_1_63' title="bbox 1047 796 1802 841; baseline -0.003 -10"><span class='ocrx_word' id='word_1_326' title='bbox 1047 797 1239 838; x_wconf 82' lang='lat' dir='ltr'>celebretur,</span> <span class='ocrx_word' id='word_1_327' title='bbox 1254 798 1408 841; x_wconf 83' lang='lat' dir='ltr'>quodque</span> <span class='ocrx_word' id='word_1_328' title='bbox 1422 807 1533 830; x_wconf 88' lang='lat' dir='ltr'>omncs</span> <span class='ocrx_word' id='word_1_329' title='bbox 1552 796 1735 840; x_wconf 80' lang='lat' dir='ltr'>collegialcs</span> <span class='ocrx_word' id='word_1_330' title='bbox 1747 807 1802 830; x_wconf 83' lang='lat' dir='ltr'>au-</span> 
     </span>
     <span class='ocr_line' id='line_1_64' title="bbox 1048 850 1801 891; baseline 0 -8"><span class='ocrx_word' id='word_1_331' title='bbox 1048 851 1137 884; x_wconf 86' lang='lat' dir='ltr'>diant</span> <span class='ocrx_word' id='word_1_332' title='bbox 1156 851 1305 891; x_wconf 83' lang='lat' dir='ltr'>missam,</span> <span class='ocrx_word' id='word_1_333' title='bbox 1330 851 1391 884; x_wconf 90' lang='lat' dir='ltr'>nisi</span> <span class='ocrx_word' id='word_1_334' title='bbox 1411 852 1530 884; x_wconf 80' lang='lat' dir='ltr'>suerint</span> <span class='ocrx_word' id='word_1_335' title='bbox 1559 851 1591 884; x_wconf 91' lang='lat' dir='ltr'>in</span> <span class='ocrx_word' id='word_1_336' title='bbox 1617 850 1801 884; x_wconf 84' lang='lat' dir='ltr'>infirmitate</span> 
     </span>
     <span class='ocr_line' id='line_1_65' title="bbox 1047 905 1799 948; baseline 0.001 -11"><span class='ocrx_word' id='word_1_337' title='bbox 1047 910 1100 938; x_wconf 82' lang='lat' dir='ltr'>aut</span> <span class='ocrx_word' id='word_1_338' title='bbox 1123 905 1231 948; x_wconf 76' lang='lat' dir='ltr'>aliquo</span> <span class='ocrx_word' id='word_1_339' title='bbox 1253 905 1334 938; x_wconf 83' lang='lat' dir='ltr'>iusto</span> <span class='ocrx_word' id='word_1_340' title='bbox 1358 905 1589 948; x_wconf 86' lang='lat' dir='ltr'>impedimento</span> <span class='ocrx_word' id='word_1_341' title='bbox 1609 905 1739 947; x_wconf 83' lang='lat' dir='ltr'>detenti,</span> <span class='ocrx_word' id='word_1_342' title='bbox 1757 910 1799 946; x_wconf 87' lang='lat' dir='ltr'>et,</span> 
     </span>
     <span class='ocr_line' id='line_1_66' title="bbox 1048 958 1803 1009; baseline 0.003 -18"><span class='ocrx_word' id='word_1_343' title='bbox 1048 958 1137 992; x_wconf 86' lang='lat' dir='ltr'>finita</span> <span class='ocrx_word' id='word_1_344' title='bbox 1166 959 1278 996; x_wconf 83' lang='lat' dir='ltr'>missa,</span> <span class='ocrx_word' id='word_1_345' title='bbox 1301 964 1428 992; x_wconf 87' lang='lat' dir='ltr'>cantent</span> <span class='ocrx_word' id='word_1_346' title='bbox 1447 959 1558 1009; x_wconf 51' lang='lat' dir='ltr'>Salve,</span> <span class='ocrx_word' id='word_1_347' title='bbox 1573 959 1715 1003; x_wconf 67' lang='lat' dir='ltr'>Reyivzct,</span> <span class='ocrx_word' id='word_1_348' title='bbox 1746 966 1803 993; x_wconf 87' lang='lat' dir='ltr'>aut</span> 
     </span>
     <span class='ocr_line' id='line_1_67' title="bbox 1050 1013 1801 1059; baseline 0.003 -14"><span class='ocrx_word' id='word_1_349' title='bbox 1050 1013 1176 1046; x_wconf 71' lang='lat' dir='ltr'>Gaudia</span> <span class='ocrx_word' id='word_1_350' title='bbox 1189 1014 1309 1046; x_wconf 72' lang='lat' dir='ltr'>Boutae</span> <span class='ocrx_word' id='word_1_351' title='bbox 1318 1014 1442 1046; x_wconf 74' lang='lat' dir='ltr'>Mariae</span> <span class='ocrx_word' id='word_1_352' title='bbox 1458 1014 1614 1057; x_wconf 64' lang='lat' dir='ltr'>Virqz&#39;m&#39;S,</span> <span class='ocrx_word' id='word_1_353' title='bbox 1630 1019 1660 1047; x_wconf 91' lang='lat' dir='ltr'>ct</span> <span class='ocrx_word' id='word_1_354' title='bbox 1671 1015 1801 1059; x_wconf 71' lang='lat' dir='ltr'>presby-</span> 
     </span>
     <span class='ocr_line' id='line_1_68' title="bbox 1047 1066 1801 1110; baseline 0.003 -10"><span class='ocrx_word' id='word_1_355' title='bbox 1047 1072 1095 1100; x_wconf 89' lang='lat' dir='ltr'>ter</span> <span class='ocrx_word' id='word_1_356' title='bbox 1114 1066 1226 1100; x_wconf 79' lang='lat' dir='ltr'>recitet</span> <span class='ocrx_word' id='word_1_357' title='bbox 1245 1068 1406 1102; x_wconf 88' lang='lat' dir='ltr'>orationes</span> <span class='ocrx_word' id='word_1_358' title='bbox 1426 1068 1500 1110; x_wconf 83' lang='lat' dir='ltr'>has,</span> <span class='ocrx_word' id='word_1_359' title='bbox 1521 1068 1686 1102; x_wconf 87' lang='lat' dir='ltr'>videlicet:</span> <span class='ocrx_word' id='word_1_360' title='bbox 1717 1068 1801 1102; x_wconf 80' lang='lat' dir='ltr'>Con-</span> 
     </span>
     <span class='ocr_line' id='line_1_69' title="bbox 1048 1121 1800 1163; baseline 0 -9"><span class='ocrx_word' id='word_1_361' title='bbox 1048 1122 1117 1154; x_wconf 72' lang='lat' dir='ltr'>cede</span> <span class='ocrx_word' id='word_1_362' title='bbox 1142 1131 1199 1154; x_wconf 73' lang='lat' dir='ltr'>nos</span> <span class='ocrx_word' id='word_1_363' title='bbox 1217 1121 1357 1163; x_wconf 64' lang='lat' dir='ltr'>shnzzilos</span> <span class='ocrx_word' id='word_1_364' title='bbox 1387 1126 1466 1162; x_wconf 73' lang='lat' dir='ltr'>tuos,</span> <span class='ocrx_word' id='word_1_365' title='bbox 1494 1127 1569 1162; x_wconf 86' lang='lat' dir='ltr'>etc.;</span> <span class='ocrx_word' id='word_1_366' title='bbox 1593 1121 1800 1163; x_wconf 72' lang='lat' dir='ltr'>Quaesumus,</span> 
     </span>
     <span class='ocr_line' id='line_1_70' title="bbox 1051 1175 1804 1221; baseline 0.001 -14"><span class='ocrx_word' id='word_1_367' title='bbox 1051 1175 1254 1221; x_wconf 69' lang='lat' dir='ltr'>omnipotens</span> <span class='ocrx_word' id='word_1_368' title='bbox 1286 1176 1390 1213; x_wconf 74' lang='lat' dir='ltr'>Dens,</span> <span class='ocrx_word' id='word_1_369' title='bbox 1416 1180 1450 1208; x_wconf 71' lang='lat' dir='ltr'>itt</span> <span class='ocrx_word' id='word_1_370' title='bbox 1474 1175 1616 1218; x_wconf 61' lang='lat' dir='ltr'>scottulus</span> <span class='ocrx_word' id='word_1_371' title='bbox 1637 1179 1708 1208; x_wconf 77' lang='lat' dir='ltr'>[uus</span> <span class='ocrx_word' id='word_1_372' title='bbox 1735 1176 1804 1208; x_wconf 63' lang='lat' dir='ltr'>Rea)</span> 
     </span>
     <span class='ocr_line' id='line_1_71' title="bbox 1050 1220 1803 1271; baseline 0.003 -9"><span class='ocrx_word' id='word_1_373' title='bbox 1050 1220 1249 1270; x_wconf 43' lang='lat' dir='ltr'>{iiiito-,bie</span> <span class='ocrx_word' id='word_1_374' title='bbox 1266 1235 1340 1269; x_wconf 84' lang='lat' dir='ltr'>ete.;</span> <span class='ocrx_word' id='word_1_375' title='bbox 1363 1229 1445 1263; x_wconf 73' lang='lat' dir='ltr'>Deus</span> <span class='ocrx_word' id='word_1_376' title='bbox 1460 1222 1634 1271; x_wconf 56' lang='lat' dir='ltr'>virtutum,</span> <span class='ocrx_word' id='word_1_377' title='bbox 1648 1221 1803 1264; x_wconf 64' lang='lat' dir='ltr'>cziizc.§”&#39;e&#39;sc</span> 
     </span>
     <span class='ocr_line' id='line_1_72' title="bbox 1051 1283 1802 1327; baseline 0.003 -12"><span class='ocrx_word' id='word_1_378' title='bbox 1051 1287 1163 1323; x_wconf 78' lang='lat' dir='ltr'>totum,</span> <span class='ocrx_word' id='word_1_379' title='bbox 1185 1283 1366 1327; x_wconf 41' lang='lat' dir='ltr'>ctengued</span> <span class='ocrx_word' id='word_1_380' title='bbox 1393 1283 1524 1326; x_wconf 81' lang='lat' dir='ltr'>quilibet</span> <span class='ocrx_word' id='word_1_381' title='bbox 1542 1294 1578 1317; x_wconf 81' lang='lat' dir='ltr'>ex</span> <span class='ocrx_word' id='word_1_382' title='bbox 1598 1283 1690 1317; x_wconf 84' lang='lat' dir='ltr'>dictis</span> <span class='ocrx_word' id='word_1_383' title='bbox 1708 1285 1802 1318; x_wconf 89' lang='lat' dir='ltr'>colle-</span> 
     </span>
     <span class='ocr_line' id='line_1_73' title="bbox 1049 1337 1803 1381; baseline 0 -11"><span class='ocrx_word' id='word_1_384' title='bbox 1049 1337 1185 1380; x_wconf 70' lang='lat' dir='ltr'>gialilius</span> <span class='ocrx_word' id='word_1_385' title='bbox 1205 1337 1349 1381; x_wconf 84' lang='lat' dir='ltr'>quolibet</span> <span class='ocrx_word' id='word_1_386' title='bbox 1373 1338 1422 1371; x_wconf 89' lang='lat' dir='ltr'>die</span> <span class='ocrx_word' id='word_1_387' title='bbox 1447 1338 1532 1371; x_wconf 82' lang='lat' dir='ltr'>dicat</span> <span class='ocrx_word' id='word_1_388' title='bbox 1551 1338 1589 1370; x_wconf 90' lang='lat' dir='ltr'>ad</span> <span class='ocrx_word' id='word_1_389' title='bbox 1610 1337 1718 1370; x_wconf 89' lang='lat' dir='ltr'>minus</span> <span class='ocrx_word' id='word_1_390' title='bbox 1737 1338 1803 1371; x_wconf 64' lang='lat' dir='ltr'>ossi&lt;</span> 
     </span>
     <span class='ocr_line' id='line_1_74' title="bbox 1050 1391 1802 1435; baseline 0 -10"><span class='ocrx_word' id='word_1_391' title='bbox 1050 1391 1136 1425; x_wconf 90' lang='lat' dir='ltr'>cium</span> <span class='ocrx_word' id='word_1_392' title='bbox 1156 1392 1269 1425; x_wconf 84' lang='lat' dir='ltr'>Beatae</span> <span class='ocrx_word' id='word_1_393' title='bbox 1294 1392 1408 1426; x_wconf 85' lang='lat' dir='ltr'>Mariae</span> <span class='ocrx_word' id='word_1_394' title='bbox 1427 1392 1564 1435; x_wconf 63' lang='lat' dir='ltr'>Virginis</span> <span class='ocrx_word' id='word_1_395' title='bbox 1583 1398 1615 1426; x_wconf 90' lang='lat' dir='ltr'>et</span> <span class='ocrx_word' id='word_1_396' title='bbox 1633 1392 1802 1426; x_wconf 83' lang='lat' dir='ltr'>Rosarium</span> 
     </span>
     <span class='ocr_line' id='line_1_75' title="bbox 1049 1445 1803 1490; baseline 0.003 -12"><span class='ocrx_word' id='word_1_397' title='bbox 1049 1448 1103 1478; x_wconf 89' lang='lat' dir='ltr'>au&#39;t</span> <span class='ocrx_word' id='word_1_398' title='bbox 1125 1445 1313 1479; x_wconf 86' lang='lat' dir='ltr'>Psalterium</span> <span class='ocrx_word' id='word_1_399' title='bbox 1331 1457 1337 1485; x_wconf 84' lang='lat'>;</span> <span class='ocrx_word' id='word_1_400' title='bbox 1363 1446 1539 1490; x_wconf 64' lang='lat' dir='ltr'>presbyteri</span> <span class='ocrx_word' id='word_1_401' title='bbox 1561 1446 1705 1489; x_wconf 84' lang='lat' dir='ltr'>qualibet</span> <span class='ocrx_word' id='word_1_402' title='bbox 1724 1446 1803 1480; x_wconf 91' lang='lat' dir='ltr'>heb-</span> 
     </span>
     <span class='ocr_line' id='line_1_76' title="bbox 1049 1499 1803 1542; baseline 0.003 -11"><span class='ocrx_word' id='word_1_403' title='bbox 1049 1499 1186 1532; x_wconf 83' lang='lat' dir='ltr'>demada</span> <span class='ocrx_word' id='word_1_404' title='bbox 1206 1499 1286 1533; x_wconf 87' lang='lat' dir='ltr'>duas</span> <span class='ocrx_word' id='word_1_405' title='bbox 1306 1499 1428 1541; x_wconf 85' lang='lat' dir='ltr'>missas,</span> <span class='ocrx_word' id='word_1_406' title='bbox 1447 1500 1487 1534; x_wconf 91' lang='lat' dir='ltr'>ad</span> <span class='ocrx_word' id='word_1_407' title='bbox 1507 1500 1631 1542; x_wconf 89' lang='lat' dir='ltr'>minus,</span> <span class='ocrx_word' id='word_1_408' title='bbox 1654 1511 1728 1534; x_wconf 91' lang='lat' dir='ltr'>cum</span> <span class='ocrx_word' id='word_1_409' title='bbox 1748 1511 1803 1533; x_wconf 88' lang='lat' dir='ltr'>su-</span> 
     </span>
     <span class='ocr_line' id='line_1_77' title="bbox 1050 1553 1803 1598; baseline 0.004 -13"><span class='ocrx_word' id='word_1_410' title='bbox 1050 1553 1201 1597; x_wconf 86' lang='lat' dir='ltr'>pradictis</span> <span class='ocrx_word' id='word_1_411' title='bbox 1221 1553 1364 1587; x_wconf 82' lang='lat' dir='ltr'>collectis</span> <span class='ocrx_word' id='word_1_412' title='bbox 1384 1565 1443 1598; x_wconf 89' lang='lat' dir='ltr'>pro</span> <span class='ocrx_word' id='word_1_413' title='bbox 1474 1554 1562 1598; x_wconf 79' lang='lat' dir='ltr'>regia</span> <span class='ocrx_word' id='word_1_414' title='bbox 1582 1554 1745 1588; x_wconf 88' lang='lat' dir='ltr'>maiestate</span> <span class='ocrx_word' id='word_1_415' title='bbox 1771 1555 1803 1588; x_wconf 89' lang='lat' dir='ltr'>in</span> 
     </span>
     <span class='ocr_line' id='line_1_78' title="bbox 1049 1607 1803 1653; baseline 0.001 -12"><span class='ocrx_word' id='word_1_416' title='bbox 1049 1607 1183 1641; x_wconf 79' lang='lat' dir='ltr'>eeclesia</span> <span class='ocrx_word' id='word_1_417' title='bbox 1202 1607 1337 1640; x_wconf 86' lang='lat' dir='ltr'>fratrum</span> <span class='ocrx_word' id='word_1_418' title='bbox 1357 1608 1480 1649; x_wconf 88' lang='lat' dir='ltr'>dicant;</span> <span class='ocrx_word' id='word_1_419' title='bbox 1507 1619 1683 1653; x_wconf 89' lang='lat' dir='ltr'>omnesque</span> <span class='ocrx_word' id='word_1_420' title='bbox 1704 1609 1803 1643; x_wconf 89' lang='lat' dir='ltr'>colle-</span> 
     </span>
     <span class='ocr_line' id='line_1_79' title="bbox 1049 1660 1805 1707; baseline 0.004 -13"><span class='ocrx_word' id='word_1_421' title='bbox 1049 1661 1159 1705; x_wconf 75' lang='lat' dir='ltr'>giales,</span> <span class='ocrx_word' id='word_1_422' title='bbox 1179 1660 1292 1694; x_wconf 84' lang='lat' dir='ltr'>diebus</span> <span class='ocrx_word' id='word_1_423' title='bbox 1305 1661 1475 1695; x_wconf 85' lang='lat' dir='ltr'>dominicis</span> <span class='ocrx_word' id='word_1_424' title='bbox 1488 1668 1518 1695; x_wconf 85' lang='lat' dir='ltr'>et</span> <span class='ocrx_word' id='word_1_425' title='bbox 1537 1662 1666 1704; x_wconf 79' lang='lat' dir='ltr'>festivis,</span> <span class='ocrx_word' id='word_1_426' title='bbox 1686 1664 1805 1707; x_wconf 88' lang='lat' dir='ltr'>quibus</span> 
     </span>
     <span class='ocr_line' id='line_1_80' title="bbox 1049 1710 1805 1755; baseline 0.003 -11"><span class='ocrx_word' id='word_1_427' title='bbox 1049 1710 1181 1744; x_wconf 89' lang='lat' dir='ltr'>verbum</span> <span class='ocrx_word' id='word_1_428' title='bbox 1201 1710 1256 1744; x_wconf 92' lang='lat' dir='ltr'>Dei</span> <span class='ocrx_word' id='word_1_429' title='bbox 1285 1722 1301 1743; x_wconf 89' lang='lat' dir='ltr'>a</span> <span class='ocrx_word' id='word_1_430' title='bbox 1328 1711 1601 1755; x_wconf 86' lang='lat' dir='ltr'>praedicatoribus</span> <span class='ocrx_word' id='word_1_431' title='bbox 1626 1713 1805 1746; x_wconf 89' lang='lat' dir='ltr'>annuncia-</span> 
     </span>
     <span class='ocr_line' id='line_1_81' title="bbox 1049 1759 1802 1803; baseline 0.003 -10"><span class='ocrx_word' id='word_1_432' title='bbox 1049 1760 1162 1800; x_wconf 88' lang='lat' dir='ltr'>bitur,</span> <span class='ocrx_word' id='word_1_433' title='bbox 1193 1759 1232 1793; x_wconf 88' lang='lat' dir='ltr'>ad</span> <span class='ocrx_word' id='word_1_434' title='bbox 1259 1760 1427 1793; x_wconf 88' lang='lat' dir='ltr'>ecelesiam</span> <span class='ocrx_word' id='word_1_435' title='bbox 1456 1760 1682 1795; x_wconf 87' lang='lat' dir='ltr'>Dertusensem</span> <span class='ocrx_word' id='word_1_436' title='bbox 1701 1788 1709 1803; x_wconf 88' lang='lat'>,</span> <span class='ocrx_word' id='word_1_437' title='bbox 1745 1773 1802 1795; x_wconf 90' lang='lat' dir='ltr'>seu</span> 
     </span>
     <span class='ocr_line' id='line_1_82' title="bbox 1050 1809 1804 1853; baseline 0.001 -9"><span class='ocrx_word' id='word_1_438' title='bbox 1050 1809 1223 1853; x_wconf 80' lang='lat' dir='ltr'>collegium</span> <span class='ocrx_word' id='word_1_439' title='bbox 1244 1810 1396 1850; x_wconf 90' lang='lat' dir='ltr'>fratrum,</span> <span class='ocrx_word' id='word_1_440' title='bbox 1419 1820 1493 1842; x_wconf 88' lang='lat' dir='ltr'>cum</span> <span class='ocrx_word' id='word_1_441' title='bbox 1514 1815 1640 1843; x_wconf 86' lang='lat' dir='ltr'>rectore</span> <span class='ocrx_word' id='word_1_442' title='bbox 1660 1817 1715 1844; x_wconf 88' lang='lat' dir='ltr'>aut</span> <span class='ocrx_word' id='word_1_443' title='bbox 1735 1811 1804 1845; x_wconf 90' lang='lat' dir='ltr'>illo-</span> 
     </span>
     <span class='ocr_line' id='line_1_83' title="bbox 1050 1858 1806 1903; baseline 0.001 -11"><span class='ocrx_word' id='word_1_444' title='bbox 1050 1870 1123 1892; x_wconf 90' lang='lat' dir='ltr'>rum</span> <span class='ocrx_word' id='word_1_445' title='bbox 1144 1859 1308 1902; x_wconf 77' lang='lat' dir='ltr'>magistro,</span> <span class='ocrx_word' id='word_1_446' title='bbox 1322 1858 1605 1903; x_wconf 88' lang='lat' dir='ltr'>processionaliter</span> <span class='ocrx_word' id='word_1_447' title='bbox 1619 1859 1658 1892; x_wconf 87' lang='lat' dir='ltr'>ad</span> <span class='ocrx_word' id='word_1_448' title='bbox 1674 1859 1806 1893; x_wconf 89' lang='lat' dir='ltr'>audien-</span> 
     </span>
     <span class='ocr_line' id='line_1_84' title="bbox 1050 1907 1805 1944; baseline 0.003 -3"><span class='ocrx_word' id='word_1_449' title='bbox 1050 1909 1128 1941; x_wconf 89' lang='lat' dir='ltr'>dum</span> <span class='ocrx_word' id='word_1_450' title='bbox 1158 1907 1314 1941; x_wconf 89' lang='lat' dir='ltr'>maiorem</span> <span class='ocrx_word' id='word_1_451' title='bbox 1335 1913 1365 1942; x_wconf 90' lang='lat' dir='ltr'>et</span> <span class='ocrx_word' id='word_1_452' title='bbox 1391 1908 1592 1941; x_wconf 86' lang='lat' dir='ltr'>decantatam</span> <span class='ocrx_word' id='word_1_453' title='bbox 1620 1909 1750 1942; x_wconf 89' lang='lat' dir='ltr'>missam</span> <span class='ocrx_word' id='word_1_454' title='bbox 1776 1916 1805 1944; x_wconf 88' lang='lat' dir='ltr'>et</span> 
     </span>
     <span class='ocr_line' id='line_1_85' title="bbox 1051 1957 1806 2001; baseline 0.003 -11"><span class='ocrx_word' id='word_1_455' title='bbox 1051 1957 1324 2001; x_wconf 86' lang='lat' dir='ltr'>praedicationem</span> <span class='ocrx_word' id='word_1_456' title='bbox 1340 1957 1505 1997; x_wconf 89' lang='lat' dir='ltr'>accedant,</span> <span class='ocrx_word' id='word_1_457' title='bbox 1530 1958 1688 1991; x_wconf 78' lang='lat' dir='ltr'>eteoclem</span> <span class='ocrx_word' id='word_1_458' title='bbox 1710 1959 1806 1992; x_wconf 92' lang='lat' dir='ltr'>modo</span> 
     </span>
     <span class='ocr_line' id='line_1_86' title="bbox 1052 2006 1805 2047; baseline 0.003 -8"><span class='ocrx_word' id='word_1_459' title='bbox 1052 2011 1273 2047; x_wconf 88' lang='lat' dir='ltr'>revertantur,</span> <span class='ocrx_word' id='word_1_460' title='bbox 1300 2012 1331 2040; x_wconf 92' lang='lat' dir='ltr'>et</span> <span class='ocrx_word' id='word_1_461' title='bbox 1355 2006 1439 2040; x_wconf 92' lang='lat' dir='ltr'>idem</span> <span class='ocrx_word' id='word_1_462' title='bbox 1465 2007 1582 2041; x_wconf 89' lang='lat' dir='ltr'>faciant</span> <span class='ocrx_word' id='word_1_463' title='bbox 1606 2007 1646 2041; x_wconf 90' lang='lat' dir='ltr'>ad</span> <span class='ocrx_word' id='word_1_464' title='bbox 1670 2008 1805 2042; x_wconf 89' lang='lat' dir='ltr'>audien-</span> 
     </span>
     <span class='ocr_line' id='line_1_87' title="bbox 1052 2055 1803 2100; baseline 0.003 -11"><span class='ocrx_word' id='word_1_465' title='bbox 1052 2057 1129 2089; x_wconf 90' lang='lat' dir='ltr'>dum</span> <span class='ocrx_word' id='word_1_466' title='bbox 1138 2066 1303 2090; x_wconf 87' lang='lat' dir='ltr'>sermones</span> <span class='ocrx_word' id='word_1_467' title='bbox 1313 2055 1517 2099; x_wconf 79' lang='lat' dir='ltr'>quotidianos</span> <span class='ocrx_word' id='word_1_468' title='bbox 1526 2055 1803 2100; x_wconf 79' lang='lat' dir='ltr'>quadragesimae.</span> 
     </span>
     <span class='ocr_line' id='line_1_88' title="bbox 1052 2104 1805 2149; baseline 0.001 -11"><span class='ocrx_word' id='word_1_469' title='bbox 1052 2105 1207 2149; x_wconf 88' lang='lat' dir='ltr'>Quodque</span> <span class='ocrx_word' id='word_1_470' title='bbox 1240 2104 1385 2149; x_wconf 88' lang='lat' dir='ltr'>quolibet</span> <span class='ocrx_word' id='word_1_471' title='bbox 1418 2115 1526 2138; x_wconf 88' lang='lat' dir='ltr'>mense</span> <span class='ocrx_word' id='word_1_472' title='bbox 1559 2106 1658 2138; x_wconf 89' lang='lat' dir='ltr'>semel</span> <span class='ocrx_word' id='word_1_473' title='bbox 1692 2116 1805 2139; x_wconf 88' lang='lat' dir='ltr'>eorum</span> 
     </span>
     <span class='ocr_line' id='line_1_89' title="bbox 1053 2153 1806 2199; baseline 0.004 -13"><span class='ocrx_word' id='word_1_474' title='bbox 1053 2161 1184 2199; x_wconf 87' lang='lat' dir='ltr'>peccata</span> <span class='ocrx_word' id='word_1_475' title='bbox 1204 2154 1373 2195; x_wconf 83' lang='lat' dir='ltr'>confiteri,</span> <span class='ocrx_word' id='word_1_476' title='bbox 1395 2160 1490 2197; x_wconf 90' lang='lat' dir='ltr'>atque</span> <span class='ocrx_word' id='word_1_477' title='bbox 1511 2153 1606 2187; x_wconf 88' lang='lat' dir='ltr'>etiam</span> <span class='ocrx_word' id='word_1_478' title='bbox 1627 2154 1741 2188; x_wconf 90' lang='lat' dir='ltr'>diebus</span> <span class='ocrx_word' id='word_1_479' title='bbox 1759 2156 1806 2189; x_wconf 89' lang='lat' dir='ltr'>fe-</span> 
     </span>
     <span class='ocr_line' id='line_1_90' title="bbox 1053 2203 1805 2238; baseline 0.001 -1"><span class='ocrx_word' id='word_1_480' title='bbox 1053 2203 1195 2237; x_wconf 86' lang='lat' dir='ltr'>stivitatis</span> <span class='ocrx_word' id='word_1_481' title='bbox 1222 2203 1396 2237; x_wconf 86' lang='lat' dir='ltr'>Nativitatis</span> <span class='ocrx_word' id='word_1_482' title='bbox 1415 2209 1446 2236; x_wconf 87' lang='lat' dir='ltr'>ct</span> <span class='ocrx_word' id='word_1_483' title='bbox 1470 2203 1662 2236; x_wconf 86' lang='lat' dir='ltr'>Paschatum</span> <span class='ocrx_word' id='word_1_484' title='bbox 1686 2204 1805 2238; x_wconf 85' lang='lat' dir='ltr'>Resur-</span> 
     </span>
     <span class='ocr_line' id='line_1_91' title="bbox 1053 2252 1806 2295; baseline 0.001 -9"><span class='ocrx_word' id='word_1_485' title='bbox 1053 2253 1206 2286; x_wconf 87' lang='lat' dir='ltr'>rectionis</span> <span class='ocrx_word' id='word_1_486' title='bbox 1225 2253 1351 2286; x_wconf 88' lang='lat' dir='ltr'>Domini</span> <span class='ocrx_word' id='word_1_487' title='bbox 1367 2252 1467 2286; x_wconf 89' lang='lat' dir='ltr'>nostri</span> <span class='ocrx_word' id='word_1_488' title='bbox 1488 2253 1558 2286; x_wconf 89' lang='lat' dir='ltr'>Iesu</span> <span class='ocrx_word' id='word_1_489' title='bbox 1579 2253 1706 2295; x_wconf 85' lang='lat' dir='ltr'>Christi,</span> <span class='ocrx_word' id='word_1_490' title='bbox 1724 2254 1806 2288; x_wconf 86' lang='lat' dir='ltr'>Pen-</span> 
     </span>
     <span class='ocr_line' id='line_1_92' title="bbox 1053 2302 1806 2346; baseline 0.003 -11"><span class='ocrx_word' id='word_1_491' title='bbox 1053 2308 1189 2336; x_wconf 86' lang='lat' dir='ltr'>tecostcs</span> <span class='ocrx_word' id='word_1_492' title='bbox 1208 2308 1239 2336; x_wconf 88' lang='lat' dir='ltr'>et</span> <span class='ocrx_word' id='word_1_493' title='bbox 1271 2302 1513 2346; x_wconf 35' lang='lat' dir='ltr'>Assumptionis·</span> <span class='ocrx_word' id='word_1_494' title='bbox 1544 2303 1657 2335; x_wconf 87' lang='lat' dir='ltr'>Beatae</span> <span class='ocrx_word' id='word_1_495' title='bbox 1690 2303 1806 2337; x_wconf 87' lang='lat' dir='ltr'>Mariae</span> 
     </span>
     <span class='ocr_line' id='line_1_93' title="bbox 1052 2350 1807 2395; baseline 0.004 -12"><span class='ocrx_word' id='word_1_496' title='bbox 1052 2350 1188 2395; x_wconf 57' lang='lat' dir='ltr'>lii-ginis</span> <span class='ocrx_word' id='word_1_497' title='bbox 1201 2357 1230 2385; x_wconf 86' lang='lat' dir='ltr'>et</span> <span class='ocrx_word' id='word_1_498' title='bbox 1242 2351 1401 2384; x_wconf 87' lang='lat' dir='ltr'>dictorum</span> <span class='ocrx_word' id='word_1_499' title='bbox 1418 2356 1614 2393; x_wconf 84' lang='lat' dir='ltr'>sanctornm,</span> <span class='ocrx_word' id='word_1_500' title='bbox 1630 2352 1807 2386; x_wconf 86' lang='lat' dir='ltr'>consessori</span> 
     </span>
     <span class='ocr_line' id='line_1_94' title="bbox 1054 2399 1806 2445; baseline 0.001 -11"><span class='ocrx_word' id='word_1_501' title='bbox 1054 2405 1109 2434; x_wconf 82' lang='lat' dir='ltr'>aut</span> <span class='ocrx_word' id='word_1_502' title='bbox 1137 2400 1376 2434; x_wconf 85' lang='lat' dir='ltr'>confessoribus</span> <span class='ocrx_word' id='word_1_503' title='bbox 1404 2399 1588 2443; x_wconf 84' lang='lat' dir='ltr'>deputando</span> <span class='ocrx_word' id='word_1_504' title='bbox 1617 2406 1672 2434; x_wconf 87' lang='lat' dir='ltr'>aut</span> <span class='ocrx_word' id='word_1_505' title='bbox 1704 2401 1806 2445; x_wconf 89' lang='lat' dir='ltr'>depu-</span> 
     </span>
     <span class='ocr_line' id='line_1_95' title="bbox 1054 2449 1807 2493; baseline 0.001 -10"><span class='ocrx_word' id='word_1_506' title='bbox 1054 2450 1168 2490; x_wconf 87' lang='lat' dir='ltr'>tandis,</span> <span class='ocrx_word' id='word_1_507' title='bbox 1204 2450 1281 2483; x_wconf 88' lang='lat' dir='ltr'>alias</span> <span class='ocrx_word' id='word_1_508' title='bbox 1300 2455 1406 2482; x_wconf 86' lang='lat' dir='ltr'>tamen</span> <span class='ocrx_word' id='word_1_509' title='bbox 1427 2449 1465 2482; x_wconf 86' lang='lat' dir='ltr'>de</span> <span class='ocrx_word' id='word_1_510' title='bbox 1486 2449 1670 2493; x_wconf 87' lang='lat' dir='ltr'>approbatis</span> <span class='ocrx_word' id='word_1_511' title='bbox 1693 2450 1734 2483; x_wconf 90' lang='lat' dir='ltr'>ab</span> <span class='ocrx_word' id='word_1_512' title='bbox 1754 2461 1807 2484; x_wconf 91' lang='lat' dir='ltr'>or-</span> 
     </span>
     <span class='ocr_line' id='line_1_96' title="bbox 1054 2499 1809 2544; baseline 0.004 -13"><span class='ocrx_word' id='word_1_513' title='bbox 1054 2499 1190 2540; x_wconf 88' lang='lat' dir='ltr'>dinario,</span> <span class='ocrx_word' id='word_1_514' title='bbox 1212 2510 1271 2544; x_wconf 89' lang='lat' dir='ltr'>per</span> <span class='ocrx_word' id='word_1_515' title='bbox 1290 2504 1448 2533; x_wconf 85' lang='lat' dir='ltr'>rectorem</span> <span class='ocrx_word' id='word_1_516' title='bbox 1465 2499 1590 2542; x_wconf 76' lang='lat' dir='ltr'>collegii</span> <span class='ocrx_word' id='word_1_517' title='bbox 1611 2500 1759 2542; x_wconf 86' lang='lat' dir='ltr'>fratrum;</span> <span class='ocrx_word' id='word_1_518' title='bbox 1778 2505 1809 2534; x_wconf 87' lang='lat' dir='ltr'>ct</span> 
     </span>
     <span class='ocr_line' id='line_1_97' title="bbox 1054 2548 1808 2593; baseline 0.004 -13"><span class='ocrx_word' id='word_1_519' title='bbox 1054 2549 1146 2582; x_wconf 79' lang='lat' dir='ltr'>dictis</span> <span class='ocrx_word' id='word_1_520' title='bbox 1161 2549 1273 2582; x_wconf 84' lang='lat' dir='ltr'>diebus</span> <span class='ocrx_word' id='word_1_521' title='bbox 1294 2555 1325 2582; x_wconf 90' lang='lat' dir='ltr'>et</span> <span class='ocrx_word' id='word_1_522' title='bbox 1347 2548 1583 2589; x_wconf 81' lang='lat' dir='ltr'>festivitatibus,</span> <span class='ocrx_word' id='word_1_523' title='bbox 1606 2549 1661 2593; x_wconf 92' lang='lat' dir='ltr'>qui</span> <span class='ocrx_word' id='word_1_524' title='bbox 1688 2549 1808 2584; x_wconf 86' lang='lat' dir='ltr'>suerint</span> 
     </span>
     <span class='ocr_line' id='line_1_98' title="bbox 1054 2597 1808 2637; baseline 0.003 -7"><span class='ocrx_word' id='word_1_525' title='bbox 1054 2598 1217 2632; x_wconf 84' lang='lat' dir='ltr'>constituti</span> <span class='ocrx_word' id='word_1_526' title='bbox 1237 2598 1268 2630; x_wconf 86' lang='lat' dir='ltr'>in</span> <span class='ocrx_word' id='word_1_527' title='bbox 1289 2603 1389 2631; x_wconf 87' lang='lat' dir='ltr'>aetate</span> <span class='ocrx_word' id='word_1_528' title='bbox 1414 2602 1444 2631; x_wconf 89' lang='lat' dir='ltr'>et</span> <span class='ocrx_word' id='word_1_529' title='bbox 1464 2597 1674 2637; x_wconf 83' lang='lat' dir='ltr'>discretione,</span> <span class='ocrx_word' id='word_1_530' title='bbox 1696 2598 1735 2631; x_wconf 81' lang='lat' dir='ltr'>ad</span> <span class='ocrx_word' id='word_1_531' title='bbox 1760 2599 1808 2632; x_wconf 88' lang='lat' dir='ltr'>iu-</span> 
     </span>
    </p>
   </div>
   <div class='ocr_carea' id='block_1_9' title="bbox 1089 2669 1520 2705">
    <p class='ocr_par' dir='ltr' id='par_1_10' title="bbox 1089 2669 1520 2705">
     <span class='ocr_line' id='line_1_99' title="bbox 1089 2669 1520 2705; baseline 0 -9"><span class='ocrx_word' id='word_1_532' title='bbox 1089 2670 1132 2705; x_wconf 77' lang='grc' dir='ltr'>(Ι)</span> <span class='ocrx_word' id='word_1_533' title='bbox 1148 2672 1293 2703; x_wconf 56' lang='lat' dir='ltr'>Nos-orum,</span> <span class='ocrx_word' id='word_1_534' title='bbox 1318 2669 1400 2704; x_wconf 70' lang='lat' dir='ltr'>llipoll</span> <span class='ocrx_word' id='word_1_535' title='bbox 1418 2670 1455 2704; x_wconf 89' lang='lat' dir='ltr'>(n.</span> <span class='ocrx_word' id='word_1_536' title='bbox 1472 2669 1520 2704; x_wconf 86' lang='grc' dir='ltr'>τ.).</span> 
     </span>
    </p>
   </div>
   <div class='ocr_carea' id='block_1_10' title="bbox 1812 254 1998 284">
    <p class='ocr_par' dir='ltr' id='par_1_11' title="bbox 1812 254 1998 284">
     <span class='ocr_line' id='line_1_100' title="bbox 1812 254 1998 284; baseline -0.005 0"><span class='ocrx_word' id='word_1_537' title='bbox 1812 257 1861 284; x_wconf 69' lang='lat' dir='ltr'>An.</span> <span class='ocrx_word' id='word_1_538' title='bbox 1880 254 1909 283; x_wconf 91' lang='lat' dir='ltr'>C.</span> <span class='ocrx_word' id='word_1_539' title='bbox 1929 255 1998 284; x_wconf 77' lang='lat'>¹568</span> 
     </span>
    </p>
   </div>
  </div>
 </body>
</html>
