2237 3100
31 273 79 300 An.
97 271 126 299 C.
145 269 210 298 157¹

60 1288 170 1310 clausulae
187 1289 220 1311 ilc·

35 1322 161 1347 ragnariae,

905 275 973 299 PIUS
992 276 1011 299 V
1035 275 1082 300 PP.

230 325 357 358 Domini
393 336 453 370 pro
488 332 634 370 tempore
666 327 826 361 contentis
853 328 986 361 minime

230 378 483 422 comprehensas
503 390 571 412 esse.
597 386 650 413 aut
671 381 904 424 comprehendi
930 381 986 413 de-

229 431 324 472 bere,
352 433 406 465 sed
427 444 556 477 semper
580 434 619 466 ab
649 434 711 467 illis
740 439 888 478 exceliens
918 445 986 467 esse

230 490 260 517 et
276 486 414 527 censeri,
433 492 463 519 et
478 487 604 529 quoties
620 488 782 520 contraria
799 488 984 520 huiusmodi

230 539 446 579 emanabunt,
477 539 569 572 toties
591 541 720 573 easdem
747 547 933 584 praesentes
957 546 986 574 et

230 591 262 623 in
283 591 328 625 eis
349 597 499 625 contenta
520 592 551 625 in
573 593 747 636 pristinum
777 599 805 626 et
829 594 986 626 validissi-

231 654 321 676 mum
342 649 459 678 statum
486 645 633 679 restituta
660 651 690 679 et
718 652 876 690 perpetuo
903 646 987 679 rein-

231 703 353 740 tegrata
373 708 452 731 esse.
472 699 608 742 Sisque,
629 700 661 732 in
680 700 865 743 praemissis
881 700 986 733 omni-

230 750 291 784 bus
311 757 341 784 et
361 752 508 795 singulis,
531 764 590 796 per
609 764 836 797 quoscumque
864 754 987 787 iudices

231 810 261 837 et
281 806 540 847 commissarios,
570 808 682 851 quavis
701 808 892 842 auctoritate
914 809 987 841 sun-

230 864 353 901 gentes,
375 859 501 892 sublata
521 859 565 893 eis
579 866 737 894 eteorum
752 861 886 894 cuilibet
906 872 987 904 qua-

230 912 276 944 vis
295 912 388 946 aliter
403 913 568 947 iudicandi
584 920 615 947 et
631 915 866 958 interpretandi
889 915 988 948 sacul-

232 971 295 998 tate
323 971 354 999 et
380 967 596 1007 anctoritate,
633 968 770 1001 iudicari
801 974 831 1001 et
860 968 987 1001 definiri

232 1019 362 1061 debere3
384 1020 512 1054 irritum
534 1031 665 1065 quoque
683 1027 714 1054 et
729 1022 837 1062 inane,
854 1022 878 1055 si
896 1033 989 1055 secus

232 1083 331 1116 super
349 1073 400 1106 his
419 1084 437 1106 a
457 1085 633 1118 quoquam,
654 1075 766 1118 quavis
781 1076 985 1115 auctoritate,

232 1125 372 1159 scienter
408 1127 457 1161 vel
489 1128 677 1171 ignoranter
696 1155 702 1169 ‚
739 1129 908 1172 contigerit
944 1134 990 1161 at-

233 1180 364 1213 tentari.

278 1234 293 1277 g
311 1233 343 1266 4.
367 1233 436 1267 Non
456 1235 659 1269 obstantibus
678 1236 844 1280 quibusvis
860 1241 989 1279 aposto-

234 1287 307 1320 licis
325 1298 374 1328 ae,
397 1288 430 1320 in
450 1288 704 1331 provincialibus
725 1295 755 1322 et
782 1290 990 1334 synodalibus

235 1340 383 1375 conciliis
407 1341 513 1382 editis,
541 1343 735 1386 specialibus
754 1345 802 1377 vel
829 1343 990 1387 generali·

234 1393 296 1428 bus
329 1394 616 1429 constitutionibus
647 1403 678 1429 et
716 1397 988 1432 ordinationibus:

235 1458 273 1481 ac
302 1448 563 1492 congregationis
595 1455 625 1482 et
645 1450 773 1483 Ordinis
809 1451 990 1494 praedicto-

236 1512 323 1542 rum,
339 1501 535 1543 iuramento,
551 1503 799 1537 confirmatione
814 1505 991 1548 apostolica

235 1556 284 1588 vel
303 1555 414 1599 quavis
429 1556 581 1589 firmitate
597 1558 656 1590 alia
675 1558 847 1599 roboratis,
866 1559 992 1592 statutis

237 1614 267 1642 et
300 1609 603 1650 consuetudinibus;
639 1611 813 1655 privilegiis
846 1623 990 1656 quoque,

236 1660 370 1695 indultis
391 1668 421 1695 et
448 1664 563 1696 litteris
582 1664 789 1708 apostolicis,
827 1665 993 1709 quibusvis

237 1716 403 1760 personis,
438 1717 498 1750 sub
529 1718 794 1762 quilmseumque
825 1720 993 1752 tenoribus

238 1774 267 1802 et
288 1769 412 1809 formis,
435 1781 471 1804 ac
488 1781 563 1804 eum
584 1771 763 1814 quibusvis,
787 1773 883 1805 etiam
900 1773 993 1806 deio-

237 1823 438 1866 gatoriarum
475 1824 688 1867 derogatoriis
721 1825 858 1869 aliisque
887 1826 993 1859 effica-

238 1876 381 1910 cioribus
401 1882 431 1909 et
451 1877 600 1919 insolitis,
628 1879 795 1919 clausulis,
809 1890 844 1912 ae
863 1879 992 1913 irritan-

238 1930 323 1963 tibus
344 1935 375 1963 et
394 1930 463 1963 aliis
494 1931 654 1971 decretis,
681 1932 713 1964 in
738 1943 857 1975 genere
891 1935 939 1967 vel
961 1934 992 1966 in

238 1983 346 2026 specie
367 1984 539 2025 concessis,
561 1985 748 2028 approbatis
769 1992 797 2019 et
820 1987 990 2021 innovatis.

238 2036 361 2076 Quibus
381 2038 546 2078 omnibus,
568 2039 663 2071 etiam
686 2039 711 2072 si
728 2040 766 2073 de
785 2040 847 2073 illis
864 2051 994 2074 eorum-

238 2100 301 2134 que
328 2089 400 2123 totis
433 2091 601 2124 tenoribus
626 2092 794 2135 specialis,
822 2094 992 2137 specifica,

239 2154 388 2186 expressa
409 2149 440 2176 et
459 2144 626 2178 individua
648 2146 769 2179 mentio
791 2157 846 2179 seu
863 2148 994 2190 quaevis

239 2196 304 2229 alia
332 2197 494 2240 expressio
523 2197 672 2231 habenda
705 2205 760 2232 aut
793 2200 901 2244 aliqua
933 2202 994 2234 alia

240 2250 396 2294 exquisita
428 2252 530 2284 forma
554 2252 593 2285 ad
622 2253 685 2286 hoc
718 2254 872 2287 servanda
898 2256 992 2296 soret,

240 2308 368 2336 tenores
387 2304 588 2344 huiusmodi,
609 2316 646 2338 ac
666 2306 691 2338 si
707 2306 746 2339 de
757 2307 854 2340 verbo
875 2308 914 2340 ad
928 2320 995 2342 ver-

239 2355 331 2396 bum,
354 2356 435 2388 nihil
457 2358 587 2400 penitus
607 2358 743 2398 omisso,
778 2365 809 2392 et
839 2360 943 2393 forma
963 2362 995 2394 in

242 2409 303 2441 illis
342 2409 459 2443 tradita
499 2410 679 2451 observata,
721 2412 832 2445 inserti
871 2415 994 2454 forent,

241 2458 466 2501 praesentibus
500 2470 558 2503 pro
597 2461 795 2494 sufficienter
838 2463 996 2505 expressis

242 2507 414 2547 habentes,
440 2508 504 2540 illis
533 2508 612 2541 alias
641 2509 673 2541 in
703 2520 762 2542 suo
783 2510 899 2543 robore
921 2522 996 2554 per-

243 2556 415 2596 mansuris,
438 2557 497 2589 hae
518 2557 586 2590 vice
615 2558 791 2599 dumtaxat,
815 2559 998 2602 specialiter

242 2610 273 2637 et
301 2616 449 2649 expresse
479 2606 690 2649 derogamus,
717 2608 896 2652 ceterisque
919 2619 996 2643 con-

243 2653 348 2687 trariis
368 2655 644 2699 quibuscumque.

322 2707 398 2739 Ball.
420 2707 498 2739 Rom.
526 2708 580 2739 Vol.
607 2709 664 2740 VII.
821 2711 878 2741 110

1673 269 1732 303 9e1

1072 329 1087 372 ἓ
1107 330 1138 363 5.
1161 329 1245 363 Nulli
1267 340 1344 374 ergo
1359 330 1493 363 omnino
1510 331 1696 371 hominum,
1720 337 1778 365 etr.

1073 382 1185 415 Datum
1208 383 1326 417 Romae
1354 384 1440 427 apud
1466 384 1497 417 S.
1525 383 1669 425 Petrum,
1696 396 1781 418 anno

1028 436 1261 470 hicat-nationis
1280 437 1462 470 dominicae
1488 437 1661 471 millesimo
1686 439 1782 481 quin-

1028 490 1206 531 gentesimo
1242 491 1480 534 septuagesimo
1514 491 1634 535 primo,
1676 492 1783 525 idibus

1030 543 1121 583 iunii,
1146 544 1353 587 pontificatus
1377 545 1477 577 nostri
1503 556 1588 578 anno
1605 555 1646 578 vi.

1065 600 1127 631 Dat.
1153 602 1200 631 die
1223 601 1256 631 13
1275 602 1349 632 iunii
1369 603 1457 640 1571,
1482 603 1586 642 pontif.
1607 612 1684 633 anno
1708 611 1746 633 vi.

1355 767 1464 801 CXCV.

1032 841 1120 881 Quod
1145 842 1430 884 confratern{lates
1454 844 1661 877 Sanctissimi
1679 844 1786 877 Nomi-

1076 897 1126 927 nis
1151 896 1211 928 Des
1241 897 1272 928 in
1304 897 1441 929 eeclesiis
1476 897 1610 930 Ordinis
1642 898 1787 940 fratrum

1074 949 1107 981 S.
1140 950 1327 987 Dmninici,
1361 951 1390 983 si
1410 955 1544 991 ca‘ttiuss
1568 952 1618 984 sin
1659 957 1784 990 autem,

1075 1004 1111 1036 de
1128 1004 1260 1036 licentia
1277 1005 1398 1047 prioris
1419 1006 1559 1037 eiusdem
1582 1005 1728 1045 Ordinis,
1751 1007 1788 1039 in

1076 1057 1151 1089 aliis
1176 1057 1314 1090 ecelesiis
1340 1059 1561 1091 instituentem*
1580 1059 1606 1092 l.

1076 1137 1138 1166 Pius
1158 1138 1229 1173 Papa
1248 1138 1277 1170 V.
1304 1138 1338 1166 ad
1362 1138 1489 1168 futuram
1512 1139 1554 1167 ret
1573 1139 1743 1168 memoriam,

1076 1209 1172 1242 Dceet
1202 1209 1386 1243 Romanum
1415 1210 1620 1250 Pontitiemn,
1643 1210 1738 1254 aequi
1758 1215 1789 1243 et

1032 1262 1110 1295 boni
1130 1274 1321 1306 supremum
1355 1269 1567 1304 assertorem,
1597 1264 1639 1297 ita
1671 1269 1787 1297 cuneta

1033 1316 1168 1359 provido
1189 1327 1247 1350 suo
1273 1316 1394 1350 iudicio
1415 1317 1596 1358 discutere,
1628 1323 1661 1350 ut
1696 1328 1788 1350 scan-

1033 1369 1113 1402 dalis
1133 1370 1331 1413 quibuslibet
1353 1370 1515 1411 obvietur,
1546 1377 1577 1404 et
1597 1381 1633 1404 ea
1653 1382 1735 1414 quae
1757 1371 1790 1404 in

1034 1420 1130 1455 divini
1149 1424 1290 1457 nominis
1311 1424 1447 1467 gloriam
1469 1429 1543 1457 sunt
1562 1424 1715 1465 stabilita,
1734 1435 1789 1457 vo-

1034 1477 1133 1510 tivum
1159 1477 1334 1521 suscipiant
1358 1478 1609 1512 incrementum.

1079 1531 1093 1574 ἓ
1110 1532 1134 1564 l.
1150 1532 1344 1575 Accepimus
1360 1543 1435 1566 sane
1444 1533 1642 1577 nuperquod
1654 1532 1730 1566 licet
1741 1543 1790 1565 so-

1035 1586 1132 1619 cietas
1146 1587 1199 1620 88.
1218 1586 1363 1620 Nominis
1378 1587 1433 1620 Dei
1449 1587 1513 1620 sive
1527 1587 1788 1620 Iuramentorum

1035 1639 1193 1682 originem
1221 1646 1252 1672 et
1280 1645 1387 1674 ortum
1419 1640 1571 1673 habuerit
1601 1640 1640 1673 ab
1671 1639 1789 1673 Ordine

1035 1693 1317 1734 Praedicatorum,
1341 1700 1368 1727 et
1390 1695 1477 1738 quod
1498 1694 1538 1727 ab
1562 1694 1708 1728 eiusdem
1733 1693 1789 1727 Or-

1035 1747 1119 1780 dinis
1140 1748 1378 1791 professoribus
1399 1749 1492 1781 sus-rit
1516 1748 1661 1781 instituta
1681 1753 1708 1780 et
1732 1759 1790 1780 au-

1036 1807 1097 1841 cta,
1120 1812 1265 1842 necnon,
1289 1802 1469 1835 interventu
1491 1802 1684 1835 dilectorum
1706 1801 1790 1833 silio-

1037 1866 1109 1888 rum
1130 1856 1266 1888 fratrum
1288 1856 1364 1889 dicti
1385 1855 1522 1895 Ordinis,
1544 1856 1664 1888 multae
1686 1854 1790 1887 indul-

1036 1909 1162 1952 gentiae
1183 1909 1310 1954 aliaque
1336 1909 1502 1953 privilegia
1532 1914 1561 1941 et
1591 1909 1713 1941 favores
1745 1907 1791 1940 di-

1037 1969 1105 1995 ctae
1126 1963 1270 1996 societati
1296 1963 1335 1996 ab
1356 1963 1541 2006 Apostoliea
1557 1961 1638 1995 Sede
1660 1961 1792 1994 suerunt

1037 2027 1202 2057 concessa,
1223 2023 1330 2049 tamen
1360 2016 1452 2049 multi
1474 2016 1584 2048 cleriei
1606 2020 1637 2048 et
1657 2013 1790 2058 parochi

1037 2070 1068 2102 in
1089 2071 1156 2103 suis
1172 2070 1318 2104 ecclesiis
1334 2071 1451 2103 dietam
1465 2069 1650 2103 societatem
1668 2068 1791 2111 erigere

1037 2123 1177 2163 student,
1201 2123 1243 2157 ita
1278 2129 1313 2156 ut
1343 2123 1518 2166 aliquando
1547 2122 1609 2155 sint
1629 2122 1739 2165 plures
1759 2120 1791 2152 in

1037 2177 1149 2210 eadem
1171 2177 1296 2210 civitate
1332 2177 1498 2209 societates
1523 2186 1579 2208 seu
1615 2174 1791 2207 confrater-

1037 2231 1151 2264 nitates
1185 2231 1286 2263 dictae
1321 2230 1530 2263 invocationis
1563 2227 1708 2261 Nominis
1738 2227 1791 2260 Dei

1038 2295 1094 2318 seu
1116 2284 1390 2323 luramentorum,
1414 2283 1446 2315 in
1467 2281 1717 2315 diminutionem
1734 2280 1792 2313 oh-

1039 2337 1218 2371 servantiae
1252 2342 1283 2370 et
1316 2336 1513 2374 devotionis,
1549 2345 1632 2378 quae
1666 2345 1703 2367 ex
1732 2335 1793 2367 sre-

1038 2391 1170 2435 quentia
1191 2390 1451 2424 convenientium
1473 2388 1551 2421 oriri
1572 2388 1664 2427 solet,
1682 2392 1712 2421 et
1727 2397 1792 2420 non

1039 2444 1107 2477 sine
1127 2444 1235 2487 aliqua
1257 2443 1459 2481 confusione,
1489 2453 1571 2486 quae
1601 2441 1642 2474 ob
1667 2441 1792 2484 praesa-

1039 2503 1103 2530 tam
1139 2508 1269 2531 causam
1295 2497 1326 2529 in
1354 2496 1405 2529 die
1433 2495 1697 2529 Circumeisionis
1730 2495 1792 2527 Do-

1040 2551 1130 2592 mini,
1153 2551 1282 2595 quando
1300 2550 1416 2583 festum
1433 2549 1617 2594 praedictae
1633 2548 1794 2582 societatis

1077 2628 1086 2652 1
1103 2626 1141 2653 Ad
1155 2627 1229 2658 tinec,
1242 2626 1298 2653 vide
1310 2626 1390 2653 etiam
1401 2625 1438 2654 Pii
1450 2625 1483 2655 lV
1495 2625 1712 2654 constitutionem
1727 2631 1793 2656 xcv,

1040 2671 1206 2705 Iniunctum,
1223 2679 1273 2706 pag
1299 2670 1351 2698 282
1363 2670 1440 2698 buius
1452 2670 1526 2699 tomi,

1800 285 1849 310 An.
1867 284 1895 310 C.
1915 285 1978 312 ¹57¹

1836 345 1920 366 Sanctio
1942 353 1983 373 pm-

1796 378 1856 398 nutis.

1830 1229 1947 1250 Exordium.

1830 1549 1933 1570 Sodamus
1949 1551 1991 1570 istu

1803 1580 1827 1600 ab
1857 1579 1935 1601 Ordine
1969 1580 1989 1600 S.

1804 1611 1905 1632 Dominici
1939 1616 1990 1638 pro-

1804 1644 1877 1663 cessit.
