2237 3100
83 231 133 258 An.
154 230 182 258 C.
199 229 268 257 ¹565

139 1101 268 1130 Prefigitque

88 1135 199 1154 terminum
244 1135 268 1154 ad

85 1166 238 1186 aedificandum
247 1166 271 1186 il-

86 1196 111 1217 lis
123 1198 157 1224 qut
165 1198 269 1218 adificare

87 1229 237 1254 promiserunt,
249 1231 270 1249 et

86 1260 123 1280 tub
146 1260 182 1280 tali
206 1265 270 1286 prae-

86 1294 146 1312 ιοιιιι
153 1292 270 1312 vicinorum

86 1324 159 1344 dumos
170 1322 210 1342 sibi
221 1328 271 1343 ven-

87 1355 106 1376 di
121 1355 226 1381 tecotuim

944 227 1012 252 PIUS
1035 229 1066 253 lv
1089 229 1137 253 PP-

281 283 372 317 ritate
383 282 571 328 apostolica,
583 288 695 316 tenore
711 281 942 327 praesentium,
960 293 1033 326 per-

281 338 379 377 petuo
399 332 643 372 confirmamus,
665 332 883 376 approbamus
898 337 929 365 et
943 332 1035 366 inno-

281 396 403 419 vamus.
433 386 649 419 Decernentes
683 386 811 419 easdem
845 386 954 419 literas
1001 387 1033 419 in

282 440 434 473 omnibus
453 445 483 472 et
503 439 640 482 singulis
659 439 788 472 illarum
814 440 958 484 partibus
971 467 978 478 ‚
1000 452 1034 474 e-

282 493 360 526 tiam
379 492 433 526 hic
459 503 524 526 non
549 493 706 536 expressis
720 520 727 534 ,
750 493 845 526 etiam
865 494 897 526 in
917 495 1035 537 quibus

281 546 390 579 forsan
413 546 571 579 hactenus
600 558 661 579 usu
690 552 839 591 receptae
868 558 933 580 non
962 554 1033 581 sunt

283 610 340 633 seu
365 611 431 634 non
458 611 527 634 esse
546 601 608 634 dici
629 607 775 645 possent,
798 602 965 646 perpetuis
985 603 1035 635 su-

283 654 363 688 turis
391 655 594 699 temporibus
624 655 850 689 inviolabiliter
874 661 904 689 et
923 657 962 689 ad
980 667 1037 689 un-

283 714 397 747 guem,
415 704 454 736 ab
483 704 635 738 omnibus
655 705 817 738 observari
842 705 978 746 debere,
1001 717 1036 739 ac

284 763 396 786 omnes
420 758 451 786 et
470 753 614 797 singulos
634 754 673 786 ad
693 754 823 787 illarum
844 755 1037 789 observatio-

283 813 358 835 nem
378 803 510 836 omnino
525 803 626 836 teneri
644 809 675 836 et
690 804 863 837 efficaciter
881 804 1038 847 obligatos

284 850 419 885 existere
448 857 478 885 et
503 852 638 886 censeri.
671 853 714 886 Ac
735 853 775 886 ad
796 853 826 885 id
846 855 1039 897 opportunis

283 900 363 934 iuris
383 906 411 934 et
432 901 507 935 sacti
527 902 689 943 remediis,
705 902 799 935 etiam
812 914 870 947 per
885 914 1039 937 censuras

284 956 315 984 ct
345 961 466 994 poenas
497 951 530 984 in
559 951 679 996 eisdem
706 952 805 985 literis
826 953 989 996 appositas
1008 960 1039 987 et

284 1000 434 1041 inflictas,
457 1001 527 1044 cogi
545 1011 638 1045 posse
659 1006 688 1034 et
708 1000 803 1034 etiam
820 1001 948 1035 debere.

329 1050 344 1093 ξ
364 1050 395 1083 4.
417 1050 596 1089 Praeterea,
617 1061 690 1083 cum
703 1061 767 1083 non
784 1050 851 1084 sine
867 1052 965 1084 animi
982 1063 1039 1085 no-

286 1099 342 1132 stri
372 1099 575 1143 displicentia
603 1099 857 1133 intellexerimus
877 1112 934 1139 ea,
958 1112 1039 1144 quae.

285 1158 344 1191 per
363 1149 523 1192 praefatos
543 1149 808 1192 praedecessores
832 1149 865 1181 in
886 1161 1040 1193 praenar-

286 1196 364 1229 ratis
400 1197 501 1230 literis
515 1223 522 1237 ,
553 1208 612 1241 pro
650 1197 782 1241 publico
816 1198 919 1232 almae
949 1199 1042 1233 Urbis

286 1247 458 1280 commodo
478 1252 509 1280 et
528 1248 665 1289 honore,
683 1247 831 1281 ordinata
851 1249 952 1289 suere,
968 1260 1042 1283 eon-

286 1296 422 1329 trarium
450 1295 558 1329 sortiri
583 1296 754 1337 effectum,
776 1298 1040 1342 quandoquidem

285 1345 372 1387 licet,
395 1345 482 1379 iuxta
501 1357 615 1379 earum
635 1351 795 1387 tenorem,
814 1348 846 1380 in
867 1350 1042 1391 prtemissis

287 1400 318 1428 et
337 1395 444 1428 forsan
465 1394 560 1428 certis
579 1395 650 1428 aliis
670 1395 714 1428 ibi
729 1397 887 1440 expressis
901 1399 1039 1441 casibus,

287 1443 485 1478 camerarius
514 1449 544 1478 et
574 1444 717 1488 magistri
742 1444 885 1487 viarum,
906 1447 961 1490 qui
983 1460 1041 1492 pro

286 1500 433 1538 tempore
463 1494 610 1535 fuerunt,
631 1495 842 1539 quamplures
870 1497 908 1529 ad
929 1498 1042 1533 domos

287 1554 360 1577 suas
380 1543 503 1585 vicinis,
527 1555 560 1577 se
581 1542 624 1576 ibi
644 1543 818 1578 aedificare
837 1546 917 1579 velle
936 1547 1042 1581 dicen-

285 1595 384 1635 tibus,
407 1604 505 1637 seque
525 1592 556 1625 id
576 1593 718 1627 facturos
747 1594 842 1627 etiam
867 1606 942 1629 cum
963 1597 1043 1630 obli-

285 1644 413 1688 gatione
437 1642 718 1687 promittentibus,
740 1644 945 1677 vendendum
967 1657 1041 1680 eoc-

285 1693 402 1738 gerint,
425 1693 518 1726 multi
539 1698 646 1726 tamen
666 1698 829 1737 emptores
844 1694 1040 1738 huiusmodi,

285 1742 536 1786 obligationibus
556 1754 614 1786 per
634 1753 689 1776 eos
718 1742 757 1775 ad
784 1754 865 1776 nova
895 1744 1041 1779 aedificia

285 1793 507 1827 inchoandum
541 1798 571 1825 et
605 1792 840 1836 perficiendum
854 1820 861 1833 ,
893 1804 948 1827 scu
978 1795 1040 1829 iam

288 1847 474 1876 constructa
493 1841 728 1886 ampliandum,
750 1842 865 1886 pactis,
889 1844 992 1878 modis
1012 1852 1043 1879 et

287 1891 399 1926 formis
419 1903 456 1926 ac
475 1892 534 1925 sub
555 1891 668 1936 poenis
692 1891 725 1925 in
750 1892 914 1925 sententiis
935 1905 1041 1929 came-

288 1940 366 1974 rarii
395 1947 427 1975 et
452 1940 681 1984 magistrorum
701 1941 825 1974 viarum
838 1969 846 1982 ,
869 1941 956 1976 iuxta
976 1945 1042 1979 sor-

288 2001 374 2024 mam
413 1989 572 2024 dictarum
606 1989 774 2024 literarum
816 1994 1039 2037 promulgatis,

289 2041 449 2074 contentis
468 2051 533 2073 non
561 2040 780 2081 obstantibus,
804 2046 973 2085 postquam
994 2045 1042 2077 di-

288 2095 356 2124 ctas
375 2090 500 2131 domos,
522 2089 662 2134 antiquis
682 2089 821 2123 dominis
838 2090 958 2133 eiectis,
983 2094 1040 2127 ha-

289 2139 449 2181 buerunt,
470 2150 552 2172 nova
581 2138 728 2172 aedificia
748 2150 806 2184 per
825 2151 858 2173 se
886 2143 1043 2184 promissa

289 2189 395 2223 facere
424 2200 481 2223 seu
510 2188 573 2221 iam
604 2193 787 2221 constructa
803 2190 958 2233 ampliare
978 2203 1042 2226 non

290 2244 457 2279 curarunt,
467 2242 661 2272 memoratas
669 2238 953 2281 praedecessorum
963 2253 1043 2285 prae-

289 2289 428 2322 fatorum
449 2287 695 2322 constitutiones
715 2292 746 2320 et
765 2287 914 2332 antiquos
933 2290 1043 2325 domo-

289 2348 361 2371 rum
381 2337 541 2377 dominos,
564 2336 660 2370 simul
680 2336 852 2377 eludendo,
875 2342 905 2370 et
924 2349 1043 2382 poenas

290 2387 449 2430 praefatas
472 2385 698 2419 damnabiliter
726 2385 941 2427 incurrendo,
964 2387 1043 2422 indi-

289 2435 464 2479 gnitatibus
483 2434 692 2475 huiusmodi,
714 2440 750 2467 ut
769 2446 828 2479 par
847 2441 910 2477 est,
936 2439 1041 2480 provi-

289 2484 366 2519 dere
388 2486 550 2526 volentes,
570 2484 691 2518 eisdem
717 2484 906 2519 auctoritate
936 2493 967 2520 et
995 2494 1041 2522 te-

288 2545 369 2569 nore
389 2534 569 2575 statuimus,
585 2535 735 2568 volumus
752 2539 782 2567 et
801 2534 988 2569 ordinamus
1008 2544 1043 2571 ut,

291 2584 358 2629 qui,
377 2583 461 2617 infra
480 2595 534 2618 sex
545 2594 671 2617 menses
697 2594 714 2616 a
739 2583 791 2617 die
815 2584 1042 2628 publicationis

291 2634 509 2680 praesentium
522 2662 529 2676 ,
552 2632 783 2678 promissiones
806 2644 865 2678 per
887 2645 942 2669 eos
961 2646 979 2669 a
997 2635 1042 2669 vi-

1074 282 1154 325 ginti
1174 280 1265 314 annis
1284 280 1364 313 citra
1383 279 1482 312 factas
1501 284 1532 311 et
1552 278 1583 311 in
1607 280 1752 311 futurum
1778 279 1825 311 fa-

1076 331 1205 365 ciendas
1224 341 1290 364 non
1319 328 1574 372 adimpleverint,
1598 339 1633 361 ac
1655 334 1827 372 propterea

1076 395 1209 428 poenas,
1222 384 1309 416 iuxta
1321 383 1456 416 sormam
1473 382 1631 414 dictarum
1648 381 1827 421 literarum,

1076 439 1255 479 incurrent,
1276 448 1372 470 manu
1389 436 1476 480 regia
1493 436 1531 469 ad
1552 435 1745 469 solutionem
1762 446 1830 480 poe-

1077 504 1192 525 narum
1212 491 1399 525 huiusmodi
1417 501 1474 534 per
1485 490 1701 524 camerarium
1719 494 1750 522 et
1763 489 1829 522 via-

1078 557 1149 579 rum
1176 546 1344 589 magistros
1365 545 1526 590 praefatos
1546 549 1721 587 cogantur;
1749 554 1830 587 qua-

1078 612 1150 633 rum
1176 610 1356 645 poenarum
1383 609 1448 632 una
1476 597 1615 631 fabricae
1640 608 1696 631 seu
1723 596 1830 630 muni-

1079 655 1156 688 tioni
1190 665 1360 688 murorum
1393 653 1526 686 civitatis
1546 658 1673 686 nostrae
1693 652 1779 693 Piae,
1802 656 1832 684 et

1079 705 1179 737 altera
1212 703 1398 737 medietates
1431 702 1610 735 camerario
1645 707 1673 735 et
1706 701 1831 734 viarum

1080 753 1239 796 magistris
1254 753 1405 797 praefatis
1426 753 1642 796 applicentur]
1662 756 1692 785 et
1712 751 1832 784 nihilo-

1080 803 1186 836 minus
1202 802 1261 846 ipsi
1286 803 1429 835 elusores
1450 802 1488 834 ad
1509 802 1609 835 dictas
1637 801 1750 834 domos
1774 811 1833 844 pro

1080 853 1259 886 eodemmet
1273 851 1387 896 pretio,
1397 862 1462 894 quo
1472 851 1540 884 illas
1551 855 1711 891 emerunt,
1723 849 1835 894 primis

1080 903 1219 936 dominis
1244 901 1534 935 retrovemlendum
1565 912 1583 933 a
1603 900 1780 934 camerario
1806 906 1836 934 et

1082 951 1241 992 magistris
1257 950 1407 995 praefatis
1428 950 1499 993 cogi
1520 949 1654 993 possint.

1127 1003 1141 1045 ξ
1161 1002 1191 1034 5.
1225 1001 1262 1033 Et
1294 1011 1395 1044 quum
1426 999 1548 1043 pluries
1567 999 1724 1032 hactenus
1745 999 1784 1032 sit
1803 999 1836 1032 in

1083 1050 1183 1083 literis
1228 1049 1303 1083 Sixti
1348 1048 1605 1093 praedecessoris
1649 1048 1836 1081 huiusmodi

1083 1099 1263 1132 dubitatum
1302 1109 1342 1131 an
1376 1096 1497 1131 domini
1530 1097 1668 1130 vendere
1695 1098 1836 1131 volentes

1083 1149 1233 1182 deberent
1261 1148 1427 1191 requirere
1461 1147 1582 1180 vicinos
1611 1158 1709 1191 super
1727 1147 1837 1181 vendi-

1084 1198 1259 1231 ditionibus
1280 1198 1452 1231 domorum
1465 1225 1472 1237 ,
1495 1197 1731 1241 plateolarum,
1754 1197 1837 1230 sedi-

1084 1247 1229 1287 minum,
1266 1247 1386 1280 situum
1420 1247 1469 1279 vel
1507 1247 1730 1279 casalenorum
1761 1246 1838 1290 ipsis

1083 1297 1194 1330 vicinis
1214 1298 1454 1340 contiguorum,
1472 1306 1530 1339 per
1546 1296 1674 1328 eosdem
1691 1295 1838 1329 dominos

1084 1346 1237 1380 faciendis
1251 1374 1258 1387 ,
1281 1346 1321 1379 ad
1341 1345 1535 1379 obviandum
1556 1344 1677 1385 litibus,
1700 1356 1782 1389 quae
1801 1356 1838 1378 ex

1084 1396 1143 1428 hac
1177 1407 1274 1429 causa
1307 1395 1460 1439 deinceps
1494 1395 1571 1428 oriri
1606 1400 1754 1438 possent,
1777 1395 1837 1428 hac

1084 1452 1193 1478 nostra
1222 1450 1379 1490 perpetuo
1399 1445 1535 1478 valitura
1565 1444 1751 1485 sanctione,
1775 1451 1837 1477 sta-

1086 1495 1205 1528 tuimus
1225 1500 1256 1528 et
1276 1494 1464 1528 ordinamus
1483 1500 1518 1527 ut
1538 1494 1570 1527 in
1594 1495 1751 1536 futurum,
1775 1496 1838 1530 sive

1084 1545 1205 1578 vicinus
1225 1545 1407 1589 requisierit
1432 1543 1523 1588 prius
1555 1544 1753 1577 venditorem
1781 1556 1837 1578 seu

1084 1595 1220 1627 vendere
1252 1595 1412 1627 volentem
1448 1604 1545 1637 super
1575 1593 1758 1627 venditione
1778 1594 1836 1628 do-

1086 1655 1168 1683 mus,
1191 1644 1360 1688 plateolae,
1381 1642 1558 1682 sediminis,
1582 1642 1662 1675 situs
1678 1643 1726 1676 vel
1747 1654 1836 1676 casa-

1084 1693 1160 1731 leni,
1184 1692 1247 1726 sive
1270 1703 1335 1726 non
1355 1691 1550 1736 requisierit,
1569 1702 1697 1735 semper
1716 1691 1756 1725 ad
1775 1693 1837 1726 hoc

1085 1749 1116 1776 ut
1137 1741 1295 1782 venditio,
1318 1741 1388 1775 aliis
1408 1752 1505 1785 quam
1537 1740 1650 1774 vicinis
1678 1742 1760 1775 sacta
1788 1743 1837 1776 vel

1084 1791 1248 1832 facienda,
1269 1791 1372 1824 valida
1405 1790 1465 1831 sit,
1493 1802 1654 1835 suumque
1684 1793 1837 1826 sortiatur

1084 1841 1256 1881 effectum,
1290 1841 1436 1874 venditor
1470 1841 1533 1874 sive
1567 1846 1694 1884 emptor
1721 1842 1837 1878 domus

1084 1891 1269 1924 huiusmodi
1290 1891 1444 1931 vicinum,
1467 1890 1537 1935 ipso
1557 1891 1769 1934 personaliter
1788 1905 1837 1927 re-

1085 1948 1197 1985 perto,
1221 1941 1245 1974 si
1265 1941 1377 1974 haberi
1399 1940 1534 1985 poterit,
1559 1951 1618 1983 per
1642 1952 1764 1983 unum,
1787 1943 1836 1977 sin

1084 1997 1204 2032 autem,
1222 1991 1304 2024 sacta
1329 1990 1491 2033 diligentia
1506 2017 1513 2030 ,
1544 1991 1757 2034 personaliter
1784 2004 1835 2026 re-

1086 2040 1183 2083 periri
1206 2040 1374 2073 commode
1395 2050 1460 2073 non
1481 2039 1609 2083 poterit,
1627 2050 1685 2083 per
1700 2040 1782 2073 duos
1797 2052 1835 2075 ex

1085 2089 1291 2123 mandatariis
1309 2090 1358 2122 vel
1383 2089 1500 2123 nostris
1534 2089 1720 2122 cursoribus
1749 2090 1836 2124 domi

1085 2138 1215 2172 dimissa
1248 2140 1356 2183 copia,
1379 2139 1412 2172 in
1440 2139 1570 2172 absente
1594 2150 1669 2172 vero
1690 2151 1748 2183 per
1767 2141 1835 2174 edi-

1085 2195 1172 2223 ctum
1193 2189 1361 2233 publicum
1387 2188 1552 2233 requirere
1572 2189 1621 2222 vel
1641 2189 1763 2244 requiri
1788 2191 1835 2224 sa-

1086 2250 1157 2273 cere
1183 2240 1297 2273 debeat
1326 2246 1355 2273 et
1384 2244 1532 2273 teneatur
1565 2250 1604 2271 an
1624 2238 1691 2283 ipse
1711 2240 1836 2275 vicinus

1084 2289 1158 2322 velit
1171 2290 1305 2323 domum
1321 2289 1480 2322 venditam
1497 2299 1552 2322 seu
1566 2289 1710 2321 venalem
1726 2289 1837 2324 huius-

1085 2339 1171 2372 modi
1196 2349 1255 2383 pro
1277 2339 1400 2382 pretio,
1422 2349 1480 2381 per
1500 2337 1621 2371 dictum
1655 2344 1836 2382 emptorem

1085 2400 1140 2422 seu
1172 2399 1279 2422 emere
1308 2389 1480 2428 volentem,
1503 2398 1567 2420 non
1586 2387 1741 2430 vicinum,
1763 2400 1837 2423 vere

1085 2443 1115 2471 et
1134 2448 1198 2471 non
1219 2437 1304 2478 ficte,
1328 2437 1448 2477 oblato,
1476 2437 1580 2469 soluto
1601 2442 1655 2469 aut
1676 2438 1835 2481 promisso

1084 2493 1196 2521 etcum
1209 2487 1397 2521 eisdemmet
1406 2486 1506 2530 pactis
1518 2492 1547 2519 et
1556 2487 1832 2521 conventionibus.

1127 2538 1142 2581 ἓ
1163 2537 1193 2570 6.
1216 2536 1284 2575 Qua
1304 2537 1435 2580 quidem
1456 2536 1665 2580 requisitione
1686 2548 1742 2569 scu
1760 2537 1834 2570 inti-

1084 2586 1224 2620 matione
1253 2597 1312 2630 per
1337 2586 1537 2619 venditorem
1567 2597 1623 2619 seu
1656 2592 1834 2630 emptorem

1084 2637 1129 2671 sic
1154 2636 1255 2676 facta,
1275 2636 1301 2669 si
1320 2635 1443 2670 vicinus
1463 2641 1518 2669 aut
1536 2635 1632 2669 vicini
1645 2661 1653 2676 ‚
1676 2635 1701 2668 si
1726 2636 1834 2680 plures

1717 213 1781 248 387
1840 221 1890 248 An.
1908 220 1937 248 c.
1957 221 2024 249 1565

1863 1010 1961 1032 Declnrut
1971 1012 2033 1032 eit-m

1850 1044 1984 1063 venditiones
1995 1044 2035 1064 do-

1851 1079 1903 1094 mor.
1919 1077 1956 1094 etc.
1977 1079 2034 1094 flem-

1851 1111 1889 1131 per
1909 1106 2034 1125 intimanda·

1852 1141 1900 1156 exse
1915 1137 1999 1162 vicium

1903 2547 2032 2577 Vicinosque

1850 2583 2031 2608 poniintimnion.

1851 2612 1966 2639 adimplet·
1993 2614 2032 2634 αε-

1849 2644 1899 2666 bere
1928 2644 2024 2668 indicia;
