2237 3100
265 214 315 240 An.
333 212 363 240 C.
379 213 445 241 ¹571

279 324 294 339 0

293 1449 442 1477 Praeterquam

261 1482 280 1500 in
314 1483 380 1502 uariis
409 1482 442 1502 vel

260 1511 351 1538 puhlicis
368 1514 442 1534 aedifi<

259 1546 305 1568 rtis,
322 1548 342 1564 ut
359 1545 401 1565 hie.

289 2459 356 2481 tunsio
373 2462 403 2481 sie
419 2464 439 2481 et

257 2498 298 2511 non
315 2491 376 2513 aliter
390 2493 442 2513 iudi-

257 2523 325 2543 uenisti.

513 206 577 240 94⁶2

461 267 543 301 serie
575 267 766 302 advocantes
795 273 825 300 et
851 267 1083 309 extinguentes,
1107 278 1222 312 perpe-

463 326 621 365 tuumque
647 331 744 364 super
768 320 953 364 praemissis
973 320 1136 353 silentium
1163 321 1220 353 im-

463 379 630 417 ponentes,
654 379 741 406 motu
757 373 889 417 proprio
906 379 937 406 et.
957 384 994 407 ex
1014 379 1100 407 certa
1111 380 1220 407 nostra

461 427 608 467 scientia,
631 438 695 459 non
706 427 745 459 ad
770 426 909 460 alicuius
929 438 1027 472 super
1045 428 1106 461 hoc
1127 427 1220 462 nobis

462 480 587 512 oblatae
608 479 771 523 petitionis
791 479 989 521 instantiam,
1008 480 1061 514 sed
1082 492 1118 514 ex
1130 493 1218 516 mera

461 532 560 565 animi
576 533 675 566 nostri
692 533 923 567 deliberatione
936 540 965 567 et
982 534 1019 567 de
1033 536 1219 578 apostolicae

463 585 625 628 potestatis
642 586 858 630 plenitudine,
871 587 993 620 litteras
1014 594 1044 621 ct
1062 590 1217 623 constitu-

462 638 565 672 tiones
575 639 665 676 Sixti,
679 640 806 681 Leonis,
824 640 870 673 Pii
884 646 915 673 et
930 641 1070 675 aliorum
1085 644 1219 686 praede-

461 702 627 725 cessorum
654 698 841 726 nostrorum
872 694 1083 736 huiusmodi,
1110 698 1217 740 quoad

461 745 638 789 pendentes
651 747 683 779 in
696 757 905 791 quacumque
917 748 1077 791 instantia,
1090 751 1218 784 resectis

459 804 566 832 tamen
596 800 743 843 expensis
767 800 829 834 illis
871 801 926 845 qui
959 803 1018 835 sub
1049 810 1215 847 praetextu

459 851 617 886 dictarum
639 854 802 887 bullarum
827 855 945 888 iustam
967 857 1138 901 hucusque
1158 859 1215 892 ha-

458 905 601 940 buerunt
621 918 750 941 causam
766 908 922 952 litigandi,
943 915 973 943 et
995 910 1119 944 suturas
1139 923 1215 945 can-

458 970 519 1000 sas,
540 970 577 993 ac
606 960 630 993 si
651 972 830 1004 numquam
860 969 1077 1005 emanassent,
1106 965 1144 997 ad
1165 966 1216 999 ius

460 1023 635 1047 commune
656 1020 686 1048 et
708 1015 862 1049 terminos
882 1022 910 1049 et
928 1017 1010 1050 viam
1028 1017 1107 1051 iuris
1124 1029 1214 1052 com-

460 1066 567 1099 munis
586 1068 718 1101 omnino
745 1069 931 1103 reducimus
949 1081 1214 1116 revocamusque,

460 1129 624 1154 cassamus
644 1127 675 1154 ct
694 1123 900 1156 annullamus
912 1135 948 1156 ac
965 1124 1087 1158 viribus
1102 1136 1215 1160 vacua-

460 1183 542 1205 mus.
565 1174 611 1206 Ita
630 1175 760 1218 quodin
771 1177 876 1210 causis
896 1177 1214 1213 liuiusmodisccuu-

459 1225 535 1258 dum
544 1226 624 1259 iuris
632 1228 816 1261 communis
827 1229 1215 1276 dispositionem‚postha-

458 1277 533 1311 bitis
553 1279 667 1313 litteris
688 1282 849 1324 praefatis,
864 1283 1007 1327 procedi,
1028 1286 1213 1319 sententiari

458 1338 489 1365 et
508 1332 637 1366 definiri
659 1334 784 1368 debeat.

502 1386 517 1429 ξ
546 1386 577 1419 6.
603 1387 789 1432 Excipimns
814 1395 921 1423 tamen
942 1402 959 1423 a
977 1393 1137 1434 praesenti
1159 1404 1215 1427 no-

457 1443 520 1472 stra
541 1440 730 1474 reductione
747 1448 776 1475 et
793 1444 983 1484 cassatione,
1001 1446 1088 1488 quod
1109 1446 1133 1478 si
1156 1458 1213 1490 pro

457 1502 521 1525 una
541 1494 589 1526 vel
605 1495 754 1538 pluribus
766 1497 899 1530 aedibus
915 1498 1024 1539 sacris,
1044 1499 1210 1541 aedificiis,

456 1540 513 1579 viis
538 1551 568 1578 et
590 1548 703 1590 plateis
727 1550 865 1592 publicis
886 1553 1127 1594 construendis,
1150 1565 1214 1586 am-

456 1599 595 1644 pliandis
614 1603 662 1635 vel
680 1603 864 1646 dirigendis,
886 1605 1014 1649 aliquae
1034 1607 1149 1641 domus
1166 1610 1213 1642 vel

456 1653 519 1687 alia
539 1655 686 1689 aedificia
712 1663 740 1690 et
762 1657 847 1691 bona
863 1665 969 1692 essent
989 1660 1020 1692 in
1047 1666 1149 1694 totum
1164 1664 1212 1695 vel

456 1706 488 1740 in
522 1714 612 1751 parte
641 1709 893 1753 incorporanda,
931 1713 1137 1748 demolienda
1164 1716 1212 1749 vel

457 1761 690 1804 restringenda,
714 1764 800 1806 quod
822 1765 853 1797 in
879 1766 1006 1799 casibus
1021 1769 1172 1811 praefatis
1183 1775 1214 1802 et.

456 1824 521 1847 non
538 1814 607 1847 aliis
621 1816 744 1859 possint
760 1817 854 1850 vieini
871 1824 898 1851 et
915 1820 1070 1854 habentes
1085 1822 1210 1863 domos,

456 1867 635 1909 sedimina,
658 1870 813 1913 plateolas
840 1877 870 1905 et
898 1873 960 1906 alia
985 1885 1212 1920 quaecumque

455 1918 551 1961 bona,
566 1922 662 1955 etiam
683 1923 708 1956 si
724 1924 817 1957 aliter
834 1927 992 1960 vendituri
1007 1938 1072 1961 non
1093 1935 1210 1971 essent,

455 1975 606 2018 compelli
618 1976 657 2009 ad
670 1988 706 2009 ea
718 1978 933 2012 vendendum.
950 1980 994 2013 lta
1006 1986 1112 2015 tamen
1125 1984 1211 2027 qnod

455 2029 615 2072 compulsi
633 2031 766 2074 praefati
788 2033 871 2065 ultra
887 2034 1142 2068 aestimationem
1159 2037 1212 2070 do-

456 2092 539 2121 mus,
549 2082 726 2124 sediminis,
740 2085 897 2128 plateolae
910 2092 937 2119 ct
951 2088 1090 2121 aliorum
1107 2089 1211 2124 bono-

456 2146 527 2167 rum
540 2137 782 2179 praedictorum
795 2138 974 2172 faciendam
992 2152 1049 2184 per
1060 2142 1140 2176 duos
1154 2154 1210 2187 pe-

456 2187 532 2221 ritos
553 2190 771 2224 communiter
783 2191 997 2234 eligendos,ct
1013 2194 1043 2227 in
1055 2206 1130 2229 casu
1147 2197 1211 2230 dis-

455 2242 596 2283 cordiae,
620 2254 677 2287 per
697 2244 867 2288 magistros
882 2245 1005 2279 viarum
1021 2248 1092 2282 loco
1112 2250 1208 2291 tertii,

455 2301 605 2338 quartam
634 2303 759 2341 partem
782 2299 888 2342 pretii,
912 2300 996 2333 ultra
1016 2302 1156 2336 valorem
1178 2310 1213 2337 nt

455 2358 552 2391 supra
577 2350 827 2391 aestimandum,
850 2360 1102 2396 consequantur.

499 2398 514 2441 ἓ
529 2398 557 2431 7.
575 2398 754 2433 Districtius
765 2401 946 2435 inhibentes
962 2403 1128 2446 quibusvis
1140 2410 1211 2447 etc„

456 2456 495 2479 ne
516 2447 608 2480 aliter
627 2460 724 2492 quam
746 2456 782 2482 ut
808 2452 1028 2494 praemittitur
1052 2453 1209 2495 indicare,

455 2496 502 2528 vel
523 2502 636 2530 contra
651 2499 829 2541 praemissa
845 2501 1053 2541 sententiare,
1068 2508 1124 2535 aut
1141 2503 1212 2537 lites

456 2545 637 2589 praedictas
653 2549 805 2592 prosequi
816 2551 929 2593 quovis
942 2551 1087 2594 quaesito
1104 2553 1211 2585 colore

456 2594 596 2628 audeant
612 2596 658 2629 vel
672 2604 890 2641 praesumant.
903 2599 1118 2634 Decernentes
1129 2612 1211 2645 quo-

1061 214 1240 239 BULLARIUM
1265 214 1415 239 ROMANUM

1262 276 1325 309 que
1357 276 1470 299 omnes
1499 272 1529 299 et
1554 267 1708 310 singulas,
1730 269 1825 303 aliter
1852 281 1950 314 quam
1981 277 2016 305 ut

1262 319 1446 362 praefertur
1465 319 1613 353 serendas
1633 322 1819 363 sententias,
1841 325 1958 366 nullas,
1974 325 2015 358 ir-

1262 372 1349 413 ritas,
1375 373 1487 406 inanes
1511 374 1699 417 nulliusque
1723 375 1849 410 roboris
1868 378 1915 411 vel
1946 389 2014 414 mo·

1261 426 1408 466 menti,et
1427 432 1590 471 tamquam
1603 428 1682 461 tales
1697 428 1819 462 nemini
1835 430 2014 475 suffragari,

1261 489 1320 512 nec
1340 490 1357 512 a
1378 490 1543 524 quoquam
1567 481 1693 525 exequi,
1719 483 1831 527 quovis
1848 489 2014 528 praetextu

1260 532 1382 565 deberi.

1304 585 1318 628 ἓ
1339 585 1370 618 8.
1389 586 1575 620 praesentes
1588 598 1662 620 vero
1673 588 1735 621 vim
1748 595 1925 633 perpetuae
1941 602 2016 625 con-

1260 638 1434 672 stitutionis
1455 646 1485 673 et
1509 640 1588 684 legis
1608 641 1739 683 habere,
1763 648 1794 675 ct
1809 642 1894 676 inter
1913 651 2015 678 extra-

1258 698 1410 732 vagantes
1429 694 1676 728 constitutiones
1700 701 1825 730 nostras
1850 697 2015 741 registrari

1258 755 1295 779 ac
1325 746 1483 790 publicari
1514 747 1643 788 debere,
1676 758 1736 782 nec
1765 749 1832 782 ullo
1857 761 2014 795 umquam

1259 804 1405 842 tempore
1435 799 1473 833 de
1502 800 1721 845 subreptionis
1744 803 1793 835 vel
1816 803 2016 848 obreptionis

1257 851 1332 885 vitio
1353 852 1471 894 notari,
1486 853 1684 898 impugnari,
1702 855 1878 898 invalidari‚
1899 857 1938 890 ad
1949 863 2013 891 ter-

1257 905 1363 939 minos
1387 906 1467 940 iuris
1486 907 1611 949 reduci,
1635 908 1668 941 in
1685 909 1735 942 ius
1753 911 1801 943 vel
1827 916 2015 945 controver-

1257 958 1336 991 siam
1368 960 1474 993 vocari
1491 987 1498 1001 ,
1526 972 1734 1006 quacumque
1768 964 1938 998 occasione
1965 965 2015 999 vel

1257 1023 1354 1045 causa
1378 1013 1511 1047 minime
1532 1025 1638 1059 posse,
1666 1016 1840 1060 minusque
1864 1017 1924 1051 sub
1944 1018 2015 1062 qui-

1256 1065 1364 1099 busvis
1375 1067 1529 1100 similium
1544 1069 1593 1101 vel
1617 1069 1821 1103 dissimilium
1838 1070 2014 1114 gratiarum

1256 1120 1527 1162 revocationibus,
1550 1123 1817 1166 suspensionibus
1841 1130 1873 1158 et
1895 1124 2015 1160 limita-

1256 1174 1398 1207 tionibus
1405 1176 1832 1218 comprehendinullatenus
1843 1189 1948 1222 posse,
1959 1180 2014 1214 sed

1256 1238 1384 1270 semper
1403 1228 1442 1260 ab
1464 1228 1526 1261 illis
1550 1235 1710 1274 exceptas,
1732 1236 1763 1264 et
1782 1232 1909 1275 quoties
1941 1233 2014 1267 illae

1256 1282 1466 1323 emanabunt,
1490 1282 1583 1315 toties
1603 1282 1636 1315 in
1661 1283 1836 1328 pristinum
1870 1292 1901 1320 et
1924 1297 2012 1329 eum,

1256 1334 1363 1378 inquo
1375 1341 1448 1368 ante
1461 1336 1637 1379 praemissa
1649 1338 1896 1380 quomodolibet
1908 1346 2012 1383 erant,

1256 1394 1374 1421 statum
1400 1389 1583 1431 restitutas,
1620 1391 1777 1435 repositas
1807 1397 1838 1426 et
1869 1393 2014 1437 plenarie

1256 1442 1467 1485 reintegratas
1478 1454 1559 1477 esse.
1579 1444 1697 1489 Sicque
1714 1446 1754 1478 ab
1774 1447 1926 1481 omnibus
1941 1459 2016 1482 cen-

1256 1496 1328 1536 seri,
1345 1502 1376 1529 et
1395 1496 1437 1530 ita
1457 1508 1515 1541 per
1534 1509 1761 1543 quoscumque
1781 1499 1916 1543 iudices,
1936 1513 2016 1547 qua·

1255 1560 1396 1592 cumque
1418 1552 1611 1585 auctoritate
1625 1553 1807 1595 fungentes,
1819 1554 1915 1588 etiam
1936 1567 2014 1590 cau-

1255 1613 1363 1636 sarum
1390 1604 1471 1637 sacri
1493 1604 1603 1637 Palatii
1624 1606 1801 1649 Apostolici
1826 1609 2011 1651 auditores,

1254 1668 1291 1690 ac
1312 1663 1440 1691 sanctae
1453 1658 1618 1692 Romanae
1633 1659 1798 1695 Ecclesiae
1819 1662 2011 1706 cardinales,

1255 1711 1381 1744 sublata
1400 1711 1446 1744 eis
1457 1711 1550 1745 aliter
1566 1713 1730 1747 iudicandi
1743 1721 1912 1758 potestate,
1931 1716 2014 1751 iudi·

1255 1763 1320 1797 c'ari
1341 1770 1369 1797 ct
1391 1765 1518 1798 definiri
1535 1765 1667 1807 debere3
1685 1767 1815 1801 irritum
1832 1780 1965 1814 quoque
1981 1776 2013 1804 et.

1255 1816 1361 1857 inane,
1379 1818 1403 1850 si
1415 1828 1507 1851 secus
1520 1830 1537 1852 a
1550 1830 1728 1863 quoquam,
1743 1823 1854 1865 quavis
1869 1823 2012 1858 auctori-

1254 1875 1329 1910 tate,
1353 1871 1524 1914 contigerit
1549 1873 1712 1906 attentari.

1298 1924 2008 1970 Mandamusqueproptereadilectisfiliisetc.

1298 1978 1366 2010 Non
1387 1978 1590 2012 obstantibus
1610 1980 1723 2014 litteris
1743 1982 1833 2023 Sixti,
1850 1983 1965 2018 Leonis
1981 1990 2011 2018 et

1254 2026 1299 2059 Pii
1315 2028 1466 2070 praefatis
1476 2034 1504 2061 et
1516 2028 1586 2062 aliis
1596 2030 1794 2073 apostolicis,
1811 2042 1939 2067 necnon
1950 2039 2007 2068 etc.

1296 2080 1411 2113 Datum
1428 2080 1549 2115 Romae
1574 2083 1662 2126 apud
1683 2084 1838 2119 Sanctum
1863 2086 2008 2128 Petrum,

1254 2136 1369 2172 quarto
1390 2130 1462 2163 idus
1487 2131 1609 2174 aprilis,
1633 2143 1717 2166 anno
1737 2143 1779 2166 Vl.

1408 2183 1527 2217 Placet.
1548 2185 1632 2218 Motu
1653 2187 1796 2230 proprio,
1813 2188 1851 2223 M.

1281 2235 1343 2266 Dat.
1365 2236 1411 2266 die
1432 2237 1468 2267 10
1485 2238 1588 2277 aprilis
1611 2239 1695 2278 1571,
1717 2241 1820 2279 pontif.
1840 2251 1917 2273 anno
1939 2251 1979 2274 vl.

1253 2320 1406 2364 Sequitur
1425 2323 1567 2355 ercense'o
1588 2325 1794 2367 supradictae
1812 2327 2010 2362 reductionis

1448 2372 1544 2404 elictm
1568 2374 1610 2405 ad
1634 2374 1822 2416 inquilinos.

1370 2442 1430 2470 Pius
1450 2443 1520 2478 Papa
1535 2443 1564 2476 V.
1587 2445 1666 2473 motu
1684 2445 1805 2482 proprio,
1832 2447 1887 2476 otc.

1298 2503 1396 2537 Tanta
1416 2510 1463 2537 est
1495 2506 1672 2549 praesentis
1692 2508 1811 2541 saeculi
1837 2509 2007 2553 depravata

1254 2552 1386 2595 malitia,
1405 2559 1441 2587 ut
1460 2554 1535 2588 dum
1558 2555 1613 2589 uni
1629 2556 1865 2591 inconvenienti
1875 2563 1949 2600 etc„
1970 2565 2007 2593 ul

1252 2613 1362 2645 supra.

2030 220 2080 246 An.
2096 219 2127 247 C.
2145 218 2210 248 ¹5⁷¹

2050 602 2151 624 Ctnusuts
2161 609 2213 629 prm-

2029 635 2159 655 nei-vatius.

2049 2532 2167 2554 Emtdium.
