2237 3100
226 245 275 270 An.
291 243 322 270 C.
344 244 411 272 ¹567

247 1102 336 1131 Philippi
368 1110 403 1126 re-

219 1136 251 1160 gis
264 1140 347 1162 preces⁴

251 1322 401 1344 Ecclesiastica

218 1355 337 1374 immunitas
361 1355 401 1375 im-

219 1385 290 1411 probis
331 1385 401 1406 delin-

219 1416 295 1442 quendi
333 1420 401 1437 mate-

218 1450 268 1469 riam
296 1451 406 1477 praebere,

217 1485 260 1501 non
276 1481 331 1501 sinit.

244 2132 397 2161 Delinquentes

214 2170 266 2191 quos
291 2166 311 2185 iu
346 2171 397 2186 con-

214 2196 324 2216 stitutione
360 2198 398 2218 de-

214 2228 296 2253 signat,
313 2234 338 2248 ex
363 2229 398 2249 lc-

213 2260 244 2279 cts
265 2259 397 2280 ecclesiasti—

213 2295 251 2310 cae
276 2291 396 2311 immunita-

215 2321 241 2341 tis
253 2321 316 2341 evelli
332 2328 395 2348 posse

213 2352 312 2372 decernit
327 2359 338 2372 a
349 2359 396 2373 sae-

213 2382 318 2403 eutarihus
334 2387 395 2409 pote—

213 2413 309 2436 statibus.
322 2415 396 2440 quibus

212 2444 320 2465 licentiam
356 2446 393 2466 im-

212 2477 308 2502 partitur.

470 234 534 269 618

424 297 649 341 Hispaniarum
671 308 725 330 rex
749 297 938 335 catholicus,
961 296 1047 338 quod
1069 296 1100 328 in
1122 306 1172 328 re-

424 362 487 395 gno
507 352 703 394 Aragonum,
718 356 745 383 et
763 350 947 393 principatu
976 349 1169 389 Cataloniae,

423 416 459 438 ac
489 404 693 438 comitatibus
727 403 897 435 Rosilionis
927 408 956 435 et
981 402 1170 443 Ceritaniae,

424 459 534 501 plures
545 456 714 490 facinorosi
726 456 832 498 gravia
858 462 885 489 et
905 456 1025 489 atrocia
1037 456 1172 489 erimina

423 512 660 544 committentes
685 510 893 553 reperiuntur
916 538 922 547 ,
949 520 1031 553 quae
1060 511 1173 544 oculos

422 564 546 597 divinae
566 564 734 597 Maiestatis
749 563 929 603 offendunt,
948 568 978 596 et
989 569 1171 607 perpetrato

423 616 566 657 crimine,
586 618 625 650 ad
646 617 810 653 ecclesias.
832 617 1027 650 monasteria
1041 644 1048 657 ,
1064 617 1173 661 hospi-

422 670 521 707 talia,
557 671 698 704 oratoria
736 676 766 703 et
786 671 903 703 sacella
932 670 971 703 ad
1002 681 1035 703 se
1064 671 1096 703 in
1126 671 1172 703 eis

420 724 587 764 tuendum,
609 735 647 757 ne
670 735 727 768 per
746 725 851 767 regios
880 730 909 756 et
931 724 1011 757 alios
1030 725 1171 758 saecula-

420 787 470 809 res
482 777 637 811 officiales
650 777 773 811 iudices
785 783 814 811 et
827 778 990 811 ministros
1003 779 1172 822 capiantur

420 830 495 863 etde
504 841 615 864 eorum
635 831 758 865 delictis
767 831 955 875 puniantur,
970 833 1170 875 confugiunt.

419 884 540 926 regiam
558 885 814 919 iurisdictionem
832 886 1014 923 illudentes,
1029 897 1125 929 seque
1138 886 1170 918 in

418 937 484 970 suis
504 938 693 972 facinorosis
714 939 905 972 criminibus
919 946 947 972 et
960 939 1084 972 delictis
1096 950 1171 972 con-

419 990 571 1024 foventes.

463 1045 476 1088 §
498 1044 528 1078 2.
551 1045 655 1085 Quare
672 1047 834 1090 praefatus
849 1047 1168 1091 PliilippuS1·ex‚cui,

418 1109 476 1142 pro
498 1109 556 1132 suo
577 1099 696 1139 debito,
720 1100 900 1145 provincias
925 1101 984 1134 sibi
1011 1101 1170 1134 subiectas

418 1151 581 1185 sceleratis
601 1153 787 1187 hominibus
807 1165 984 1198 expurgare
997 1154 1167 1196 incumbit,

417 1205 510 1239 nobis
530 1206 965 1251 humilitersupplicarifecit
981 1209 1061 1241 utin
1080 1220 1170 1253 prae-

418 1258 521 1293 missis
533 1266 715 1305 opportune
732 1261 901 1305 providere
922 1262 960 1295 de
974 1262 1168 1306 benignitate

417 1313 590 1356 apostolica
612 1314 832 1357 dignaremur.
859 1316 922 1348 Nos
957 1316 1055 1359 igitur
1073 1344 1080 1352 ,
1113 1318 1167 1360 qui
1189 1341 1191 1350 Α

418 1367 503 1400 lllius
522 1367 607 1401 vices
623 1367 652 1401 in
667 1369 760 1401 terris
770 1369 923 1411 gerimus,
938 1370 992 1413 qui
1007 1370 1169 1404 maleficos

414 1421 517 1454 vivere
538 1422 601 1466 pati
618 1422 728 1463 vetuit,
746 1423 893 1456 nolentes
909 1424 1086 1467 praemissa
1104 1429 1167 1457 tam

415 1474 546 1519 pessimi
566 1475 702 1519 exempli
729 1476 787 1509 sub
810 1476 936 1510 silentio
959 1478 1166 1521 pertransire,

414 1533 444 1561 et
459 1529 545 1571 quod
566 1529 783 1562 ecclesiastica
803 1529 990 1564 immunitas
1012 1532 1168 1575 improbis

414 1587 445 1614 et
464 1582 653 1616 facinorosis
673 1583 881 1627 delinquendi
908 1585 1075 1618 materiam
1091 1587 1166 1619 sub-

414 1635 583 1677 ministret,
604 1637 1096 1682 huiusmodisupplicationibus
1117 1640 1166 1672 in-

414 1689 533 1729 clinati,
555 1689 658 1723 eidem
681 1690 830 1735 Philippo
852 1691 932 1734 regi,
955 1692 1041 1735 quod
1053 1703 1167 1726 omnes

413 1748 443 1775 et
468 1743 585 1787 singuli
617 1743 704 1777 illius
725 1749 755 1777 et
775 1755 907 1777 suorum
930 1756 1106 1789 proregum
1137 1753 1167 1780 et,

413 1796 667 1839 gubernatorum
703 1808 739 1830 ac
773 1798 911 1831 aliorum
944 1799 1165 1832 ministrorum

413 1850 547 1891 iudices,
571 1851 723 1884 officiales
744 1856 773 1884 et
794 1851 943 1889 ministri,
967 1854 1164 1886 saecularem

412 1903 669 1937 iurisdictionem
691 1904 723 1937 in
744 1904 835 1937 dictis
864 1916 964 1948 regno
985 1912 1013 1938 et
1045 1907 1165 1950 princi-

413 1963 487 2001 patu
509 1969 544 1990 ac
570 1958 774 1991 comitatibus
809 1970 844 1991 ac
877 1959 1011 2002 singulis
1031 1961 1165 1995 civitati-

411 2011 483 2052 bus,
505 2012 598 2051 villis,
622 2012 750 2057 oppidis
760 2018 790 2045 et
806 2013 898 2046 terris
919 2020 949 2046 et.
965 2014 1086 2048 locisin
1103 2016 1166 2048 illis

412 2065 661 2099 consistentibus
692 2071 721 2098 et
743 2066 805 2098 illis
825 2066 1047 2101 adiacentibus
1073 2080 1163 2102 exer-

412 2124 531 2159 centes,
555 2130 668 2153 omnes
687 2126 715 2152 et
741 2120 901 2163 singulos,
928 2121 1164 2166 cuiuscumque

412 2173 543 2215 graduS,
553 2174 729 2217 qualitatis,
738 2174 901 2217 dignitatis
913 2181 942 2207 et
953 2177 1164 2219 praeeminen-

414 2226 462 2259 iiae
473 2228 604 2269 fuerint,
614 2228 668 2272 qui
681 2228 816 2261 erimina
827 2228 1041 2273 infrascripta,
1054 2231 1164 2264 videli-

412 2280 550 2314 cetlzcsa}
561 2281 736 2314 maiestatis
745 2287 799 2314 aut
815 2282 938 2325 peceati
950 2284 1076 2324 notorii,
1091 2296 1162 2327 pro-

412 2338 481 2375 pter
493 2335 580 2377 quod
593 2335 743 2368 iraDeiin
759 2335 843 2368 filios
852 2336 1047 2369 diffidentiae
1063 2338 1159 2378 venit,

411 2397 466 2419 seu
488 2398 524 2420 ex
544 2389 711 2432 proposito
745 2389 921 2422 deliberato
953 2390 1161 2423 assassinium

411 2446 467 2467 seu
488 2436 673 2469 incendium
708 2438 843 2470 fecerint
865 2446 896 2471 et
916 2439 1134 2472 commiserint
1152 2469 1158 2481 ‚

411 2494 466 2516 seu
481 2484 620 2528 aliquam
635 2486 801 2519 honestam
813 2486 983 2520 mulierem
1004 2488 1159 2531 virginem

410 2534 458 2566 vel
478 2534 680 2578 coniugatam
702 2541 755 2569 aut
765 2536 892 2569 viduam
917 2537 1094 2580 rapuerint,
1113 2539 1159 2571 vel

411 2589 572 2617 monetam
597 2590 652 2617 aut
677 2585 824 2628 publicas
849 2584 1025 2628 scripturas
1053 2586 1160 2619 falsifi-

411 2632 562 2673 caverint,
585 2643 641 2666 seu
661 2634 783 2676 publici
804 2636 902 2675 fures,
925 2646 981 2668 seu
1002 2635 1034 2667 in
1055 2636 1160 2669 stratis

1019 242 1199 266 BULLARIUM
1219 241 1369 265 ROMANUM

1216 299 1270 327 aut
1284 294 1343 327 viis
1362 293 1500 337 puhlicis
1520 294 1650 335 fuerint,
1672 304 1728 328 seu
1748 295 1887 338 aliquem
1915 305 1964 328 ar-

1216 347 1383 380 chibuseto
1397 357 1451 380 seu
1473 347 1629 390 sclopeto,
1651 348 1729 380 alias
1749 348 1871 392 sclopio
1888 359 1963 392 pro-

1216 401 1316 434 hibito
1336 401 1375 433 ad
1393 405 1508 440 rotam,
1530 400 1679 433 occidere
1699 402 1961 444 procuraverint,

1215 460 1243 487 et
1265 455 1303 487 ad
1319 460 1425 487 actum
1439 454 1623 498 proximum
1639 454 1836 495 devenerint,
1850 466 1964 499 quam-

1215 507 1259 540 vis
1279 519 1353 541 eum
1375 518 1440 540 uon
1460 508 1699 540 vulneraverint
1730 509 1777 541 vel
1792 508 1963 551 tetigerint,

1214 567 1268 595 aut
1281 573 1339 606 per
1354 562 1485 605 triginta
1497 572 1610 606 passus
1619 567 1692 595 ante
1706 562 1790 606 ipsas
1802 562 1964 602 ecclesias,

1215 616 1421 656 monasteria,
1444 616 1596 657 oratoria,
1619 617 1735 650 sacella
1751 616 1963 649 homicidium

1215 668 1434 702 commiserint
1451 695 1458 709 ,
1491 680 1548 702 seu
1582 669 1638 713 qui
1664 670 1757 713 plura
1791 668 1966 703 homicidia

1214 722 1481 766 perpetraverint,
1504 734 1560 755 seu
1581 723 1606 756 si
1626 723 1800 756 atrociores
1819 723 1967 767 blasphe-

1214 781 1364 816 matores,
1388 782 1417 809 et
1437 776 1492 820 qui
1514 777 1686 820 imaginem
1702 776 1757 810 Dei
1772 778 1820 810 vel
1841 782 1966 810 sancto-

1214 840 1286 862 rum
1308 831 1527 874 percusserint
1559 831 1607 863 vel
1628 831 1879 874 deturpaverint,
1902 830 1965 864 sive

1213 894 1249 915 cx
1271 882 1317 915 ira
1351 884 1397 916 vel
1419 883 1451 916 in
1472 889 1696 927 contemptum
1713 883 1963 923 combusserint,

1212 937 1258 969 vel
1281 936 1311 969 in
1332 943 1417 970 terra
1431 937 1638 981 proiecerint,
1661 949 1716 971 seu
1733 938 1789 981 qui
1804 943 1965 971 nocturno

1214 996 1370 1034 tempore,
1391 1002 1449 1035 per
1461 991 1612 1032 civitates,
1624 991 1742 1036 oppida
1753 993 1865 1025 etloca
1881 991 1965 1025 furta

1213 1044 1451 1086 commiserint,
1468 1046 1505 1078 ad
1520 1056 1755 1089 quascumque,
1778 1045 1875 1079 etiam
1896 1056 1964 1079 me-

1213 1098 1426 1141 tropolitanas
1455 1105 1483 1131 et
1506 1099 1719 1139 cathedrales,
1732 1099 1916 1143 collegiatas
1935 1104 1967 1133 et

1212 1151 1289 1184 alias
1310 1152 1474 1193 ecclesias,
1497 1152 1710 1193 monasteria,
1738 1154 1890 1195 oratoria,
1913 1164 1962 1188 sa-

1212 1205 1291 1238 cella
1321 1206 1498 1239 saecularia
1533 1212 1564 1240 et
1588 1207 1776 1250 quorumvis
1806 1207 1962 1241 Ordinum

1213 1260 1371 1303 regularia
1392 1261 1625 1303 confugientes,
1639 1261 1756 1294 abillis
1785 1261 1962 1302 extrahere,

1211 1324 1339 1358 capere,
1362 1314 1564 1347 incarcerare
1586 1320 1631 1354 et,
1661 1320 1758 1359 prout
1782 1315 1903 1348 iustitia
1931 1320 1963 1348 et

1211 1378 1344 1400 suorum
1365 1369 1598 1401 demeritorum
1611 1369 1748 1412 qualitas
1770 1369 1911 1412 exegerit
1925 1380 1962 1403 ac

1211 1422 1414 1464 requisiverit
1432 1451 1438 1459 ,
1462 1423 1579 1465 punire
1599 1428 1630 1455 et
1646 1422 1818 1466 castigare,
1840 1423 1961 1467 absque

1210 1476 1425 1509 conscientiae
1452 1477 1624 1520 scrupulo,
1647 1482 1675 1509 et
1697 1487 1910 1510 censurarum
1931 1482 1962 1509 et

1211 1540 1389 1572 poenarum
1403 1530 1708 1564 contrafacientibus
1724 1530 1898 1573 praemissa
1912 1530 1961 1563 in-

1209 1582 1369 1616 flictarum
1390 1583 1535 1624 incursu,
1559 1583 1659 1616 libere
1684 1589 1715 1617 et
1734 1583 1820 1617 licite
1840 1584 1963 1628 possint

1210 1641 1240 1669 et
1258 1638 1394 1677 valeant,
1422 1643 1532 1670 tenore
1559 1638 1797 1681 praesentium,
1819 1637 1961 1671 auctori-

1211 1696 1272 1724 tate
1288 1691 1464 1735 apostolica
1490 1697 1519 1724 et
1535 1702 1572 1723 ex
1587 1697 1673 1724 certa
1689 1697 1798 1724 nostra
1815 1691 1959 1732 scientia,

1209 1744 1370 1777 licentiam
1392 1749 1421 1777 et
1442 1744 1627 1778 facultatem
1648 1745 1762 1777 damus
1780 1771 1788 1786 ,
1811 1745 1961 1778 concedi-

1210 1809 1281 1830 mus
1301 1804 1331 1831 et
1356 1798 1543 1841 elargimur.

1252 1852 1266 1895 g
1286 1851 1316 1884 3.
1336 1852 1405 1885 Non
1422 1851 1622 1885 obstantibus
1637 1851 1922 1885 constitutionibus
1931 1857 1962 1885 et

1208 1905 1468 1939 ordinationibus
1481 1905 1677 1948 apostolicis,
1700 1905 1874 1949 privilegiis
1884 1917 1962 1950 quo-

1208 1970 1283 2002 que,
1306 1959 1450 1998 indultis,
1479 1959 1574 1992 etiam
1595 1960 1628 1992 in
1644 1960 1783 1992 favorem
1801 1959 1960 1993 dictarum

1207 2013 1419 2046 ecclesiarum
1434 2019 1464 2045 et
1480 2013 1750 2046 monasteriorum
1764 2013 1961 2057 illorumque

1208 2067 1354 2099 omnium
1389 2067 1621 2110 superiorum,
1644 2078 1702 2110 per
1736 2077 1960 2110 quoscumque

1207 2121 1368 2154 Romanos
1398 2121 1570 2154 Pontifices
1599 2121 1864 2165 praedecessores
1901 2131 1960 2154 no-

1206 2181 1288 2208 stros
1313 2181 1340 2207 et
1369 2185 1428 2208 nos
1451 2186 1487 2207 ac
1507 2174 1621 2208 Sedem
1643 2174 1860 2219 Apostolicam
1877 2185 1960 2218 quo-

1207 2228 1383 2261 modolibet
1397 2234 1427 2261 et
1444 2228 1503 2261 sub
1515 2228 1776 2272 quibuscumque
1786 2228 1959 2261 verborum

1206 2282 1316 2315 formis
1351 2288 1381 2315 et
1413 2282 1578 2315 tenoribus
1617 2294 1654 2315 ac
1687 2293 1761 2315 cum
1795 2281 1959 2325 quibusvis

1205 2336 1357 2369 clausulis
1377 2342 1406 2370 et
1423 2336 1559 2369 decretis
1591 2336 1763 2376 concessis,
1781 2335 1957 2368 confirma-

1204 2390 1243 2422 tis
1277 2395 1306 2423 et
1327 2390 1512 2434 approbatis
1530 2418 1545 2431 ,K
1566 2390 1660 2423 etiam
1689 2390 1779 2423 Mare
1801 2389 1958 2432 Maynum

1204 2451 1259 2472 seu
1280 2440 1376 2472 Bulla
1396 2441 1504 2473 Aurea
1525 2439 1733 2483 nuncupatis,
1755 2449 1791 2471 ac
1811 2438 1954 2482 ipsarum

1203 2489 1413 2522 ecclesiarum
1431 2489 1690 2522 immunitatibus
1706 2488 1779 2521 eisa
1794 2491 1864 2520 iure
1880 2497 1955 2519 con-

1203 2539 1310 2579 cessis,
1330 2539 1449 2582 quibus
1473 2539 1634 2579 omnibus,
1664 2538 1794 2571 illorum
1814 2542 1954 2578 tenores,

1202 2598 1238 2621 ac
1264 2589 1288 2621 si
1310 2589 1532 2632 praesentibus
1573 2589 1611 2621 de
1626 2588 1724 2621 verbo
1750 2587 1789 2620 ad
1822 2586 1955 2620 verbum

1202 2636 1433 2677 insererentur,
1453 2648 1513 2681 pro
1533 2637 1690 2681 expressis
1701 2642 1732 2670 et
1744 2636 1872 2670 insertis
1895 2636 1951 2669 ha-

1977 241 2030 269 An.
2050 240 2080 268 C.
2096 240 2162 269 ¹56⁷

2024 1866 2158 1889 obstantium

1976 1899 2093 1925 derogatio.
