2237 3100
35 273 84 300 An.
102 275 131 302 C.
153 272 219 300 15⁷0

54 1091 91 1113 Hic
108 1091 155 1113 tdeo
171 1090 223 1112 Pon-

41 1125 92 1146 tifex
115 1123 172 1144 ittam
196 1122 223 1143 ei-

41 1161 80 1185 quo
109 1155 226 1176 adhaeren-

41 1191 73 1208 tes
102 1186 224 1208 haereticos

41 1219 144 1245 docui-au

84 2441 156 2468 Regno
171 2444 192 2462 et
208 2441 235 2461 di-

54 2472 167 2499 gnitatibus
190 2473 236 2499 pri-

55 2506 98 2528 vau

82 2635 180 2663 subdito·
189 2635 240 2658 ube-

58 2670 98 2694 ηις

924 269 991 295 PIUS
1015 269 1034 293 V
1059 269 1107 294 PP.

235 322 291 367 qui
306 322 392 355 dicto
412 331 477 355 non
498 328 599 355 essent
622 322 802 363 audientes,
826 322 992 367 imposuit,

237 376 430 419 easdemque
451 375 490 407 ab
516 375 554 408 iis
584 376 638 419 qui
661 376 692 408 in
717 376 839 409 unitate
868 377 943 410 fidei
964 382 992 410 ct

237 429 398 473 praedicta
419 429 604 462 obedientia
637 436 897 472 perseverarunt,
920 442 994 464 exe-

236 483 298 526 git,
327 483 504 516 catholicos
538 483 694 516 antistites
722 489 752 516 et
782 484 993 517 ecclesiarum

236 542 379 571 rectores
410 537 442 569 in
466 537 593 570 vincula
625 536 776 577 coniecit,
797 537 853 570 ubi
887 539 992 579 multi,

236 590 391 624 diuturno
424 591 581 633 languore
616 595 646 623 et
684 590 812 623 tristitia
843 592 992 629 consecti,

237 650 416 677 extremum
448 644 530 676 ritae
559 644 644 676 diem
666 643 782 677 misere
808 644 992 677 finiverunt.

236 698 323 736 Quae
355 697 463 730 omnia
489 708 563 731 cuni
585 697 671 741 apud
704 708 817 730 omnes
850 698 996 731 nationes

237 751 409 796 perspicua
439 756 469 784 et.
488 750 615 784 notoria
645 751 720 791 sint,
743 757 773 784 et
809 751 996 793 gravissimo

237 805 556 849 quamplurimorum
578 804 762 837 testimonio
783 803 826 837 ita
844 815 996 849 compro-

237 859 322 899 bata,
346 864 381 891 ut
400 859 511 891 nullus
531 858 665 891 omnino
693 859 786 891 locus
820 858 998 892 excusatio-

238 912 283 953 ni,
306 912 484 945 defensioni
519 918 574 946 aut
612 912 865 956 tergiversationi
898 913 997 945 relin-

237 971 368 1009 quatur.

283 1019 298 1062 ἓ
317 1018 349 1052 3.
371 1018 444 1059 Nos,
467 1018 761 1062 multiplicantibus
798 1018 868 1051 aliis
901 1024 998 1062 atquc

239 1073 311 1106 aliis
332 1084 430 1117 super
450 1073 528 1105 alias
553 1072 776 1116 impietatibus
798 1078 829 1105 et
850 1072 999 1105 facinori-

239 1127 312 1167 bus,
334 1132 363 1159 et
389 1131 557 1170 praeterea
582 1126 726 1158 fidelium
758 1126 997 1169 perseeutione,

239 1180 470 1224 religionisque
490 1179 675 1218 afflictione,
696 1179 838 1223 impulsu
855 1186 881 1213 et
901 1191 1000 1224 opera

239 1235 343 1268 dictae
376 1233 538 1266 Elisabeth
559 1232 704 1276 quotidie
726 1233 827 1276 magis
852 1233 999 1276 ingrave-

240 1294 360 1329 scente3
383 1287 541 1331 quoniam
562 1286 650 1319 illius
669 1286 815 1319 animum
836 1287 877 1319 ita
907 1287 1002 1320 obfir-

240 1347 364 1375 matum
385 1347 483 1385 atque
503 1340 693 1373 induratum
713 1339 936 1383 intelligimus,
967 1346 1001 1373 ut,

239 1406 305 1429 non
327 1395 423 1429 modo
457 1394 526 1438 pias
546 1393 782 1427 catholicorum
815 1394 1001 1438 principum

241 1449 280 1483 de
305 1449 439 1482 sanitate
464 1453 495 1481 et
515 1447 724 1481 conversione
759 1457 872 1490 preces
899 1449 1003 1481 moni-

243 1503 412 1546 tionesque
446 1500 696 1545 contempserit,
738 1500 793 1534 sed
832 1512 873 1535 ne
906 1502 1003 1535 huius

242 1556 374 1601 quidem
396 1556 486 1590 Sedis
501 1556 540 1589 ad
555 1555 657 1600 ipsam
678 1555 737 1588 hac
758 1554 796 1588 de
813 1566 909 1588 causa
923 1566 1004 1589 nun-

243 1611 311 1644 cios
338 1609 371 1643 in
395 1610 541 1653 Angliam
576 1609 725 1642 traiicere
746 1609 943 1653 permiserit3
965 1610 1003 1642 ad

243 1675 333 1698 arma
353 1663 492 1698 iustitiae
513 1668 626 1696 contra
647 1673 718 1696 eam
743 1662 781 1695 de
814 1663 1004 1697 necessitate

245 1717 402 1759 conversi,
436 1717 582 1751 dolorem
617 1716 719 1749 lenire
740 1727 804 1749 non
831 1727 1005 1761 possumus

243 1773 331 1816 quod
344 1771 546 1805 adducamur
566 1771 598 1803 in
618 1781 716 1803 unam
737 1770 1002 1811 animadvertere,

245 1826 337 1860 cuius
375 1825 516 1859 maiores
547 1824 586 1857 de
623 1823 791 1867 republica
830 1823 1005 1857 christiana

245 1885 414 1924 tantopere
434 1888 596 1912 meruere.
620 1877 708 1910 Illius
728 1877 836 1920 itaque
866 1878 1006 1911 auctori—

247 1939 309 1967 tate
329 1932 464 1973 suffulti,
483 1932 543 1972 Qui
563 1942 622 1964 nos
643 1931 674 1963 in
695 1930 757 1963 hoc
774 1941 928 1974 supremo
955 1931 1004 1963 ia-

246 1987 350 2021 stitiae
370 1987 501 2025 throno,
523 1985 599 2018 licet
619 1990 706 2017 tanto
739 1983 830 2017 oneri
851 1984 1003 2028 impares,

245 2041 347 2075 voluit
367 2041 542 2079 collocare,
564 2039 602 2072 de
623 2038 819 2082 apostolicae
841 2039 1006 2081 potestatis

246 2095 460 2140 plenitudine,
483 2093 686 2127 declaramus
707 2092 906 2135 praedictam
941 2092 1004 2124 Eli-

247 2149 358 2182 sabeth
383 2147 581 2181 haereticam
616 2152 646 2179 et
665 2145 904 2178 baereticorum
939 2146 1007 2178 sau-

248 2203 360 2236 tricem
394 2202 487 2245 eique
524 2200 736 2233 adhaerentes
771 2199 803 2231 in
834 2199 1008 2242 praedictis

247 2255 460 2290 anathematis
486 2253 676 2287 sententiam
698 2251 886 2292 incurrisse,
921 2263 1006 2285 csse-

247 2321 310 2355 que
331 2321 349 2343 a
368 2308 487 2343 Christi
507 2306 660 2350 Corporis
681 2306 803 2339 unitate
830 2306 1004 2349 praecisos.

294 2365 308 2407 §
329 2363 360 2396 4.
383 2362 466 2402 Quin
487 2361 582 2395 etiam
604 2360 705 2404 ipsam
728 2364 896 2402 praetenso
918 2359 1008 2402 regni

250 2416 407 2462 praedicti
435 2416 518 2456 iure,
541 2424 668 2448 necnon
690 2413 778 2446 omni
799 2418 826 2445 et
849 2423 1008 2455 quocum-

251 2477 314 2511 que
339 2465 495 2505 dominio,
519 2463 672 2506 dignitate
694 2461 927 2505 privilegioipie
942 2461 1009 2505 pri-

251 2522 368 2550 vatam.

298 2565 312 2608 ξ
332 2564 363 2597 5.
388 2564 425 2597 Et
445 2563 520 2596 item
542 2571 706 2605 proceres,
730 2559 875 2593 subditos
896 2565 926 2592 et
953 2569 1010 2603 po-

254 2614 349 2656 pulos
379 2612 455 2646 dicti
488 2611 580 2655 regni
600 2622 636 2644 ac
657 2615 782 2644 ceteros
808 2619 932 2646 omnes,
957 2609 1011 2652 qui

255 2663 301 2696 itti
333 2663 642 2708 quomodocumque
670 2660 868 2699 iuraverunt,
886 2669 903 2691 a
924 2658 1011 2692 iura-

1683 259 1740 292 811

1036 327 1143 355 mento
1165 320 1350 355 huiusmodi
1371 331 1407 353 ac
1428 321 1516 353 omni
1537 331 1672 364 prorsus·
1692 321 1793 353 domi-

1036 375 1092 415 nii,
1116 375 1278 408 fidelitatis
1294 380 1321 407 et
1344 374 1490 417 obsequii
1508 374 1615 407 debito
1634 380 1792 418 perpetuo

1036 429 1210 468 absolutos,
1244 434 1340 472 prout
1378 438 1436 461 nos
1470 428 1542 461 illos
1573 429 1792 472 praesentium

1036 482 1226 516 auctoritate
1250 481 1456 519 absolvimus3
1471 487 1498 513 ct
1523 481 1685 524 privamus
1707 493 1794 515 eam-

1037 537 1110 569 dem
1123 535 1284 569 Elisabeth
1294 540 1463 578 praetenso
1477 535 1546 568 iure
1559 535 1794 580 regnialiisquc

1037 589 1189 622 omnibus
1213 588 1418 633 supradietis3
1455 589 1740 634 praecipimusque
1766 595 1797 623 ct

1037 642 1262 675 interdicimus
1282 641 1439 675 universis
1459 648 1486 674 et
1516 642 1651 685 singulis
1685 654 1796 686 procc-

1038 696 1139 737 ribus,
1163 695 1311 734 subditis,
1338 696 1468 740 populis
1489 702 1519 729 et,
1539 696 1608 729 aliis
1625 697 1797 740 praedictis

1038 761 1077 783 ne
1099 750 1145 782 illi
1168 749 1274 782 ciusve
1296 749 1436 790 monitis,
1454 750 1612 783 mandatis
1628 756 1657 784 et
1672 751 1797 794 legibus

1038 804 1178 837 audeant
1211 804 1354 837 obedire.
1378 804 1436 843 Qui
1459 815 1552 837 secus
1572 804 1707 848 egerint,
1743 816 1798 838 eos

1038 857 1134 890 simili
1155 857 1367 890 anathematis
1388 858 1544 890 sententia
1566 857 1771 892 innodamus.

1810 268 1858 295 An.
1876 269 1905 295 C.
1926 268 1994 295 1570

1084 912 1098 955 ξ
1119 911 1150 944 6.
1173 911 1341 950 Quiavcro
1362 911 1599 944 dillicilenimis
1613 918 1691 945 essct
1707 923 1797 956 prae·
1831 920 1936 947 Exemplis
1953 925 1998 940 ι’το-

1039 970 1144 997 sentes
1164 975 1375 1008 (piceumque
1388 965 1450 997 illis
1471 976 1552 1009 opus
1569 965 1796 1009 erstperserre,

1040 1019 1188 1051 volumus
1204 1026 1235 1051 ut
1258 1030 1370 1051 carum
1383 1019 1539 1062 exempla,
1551 1019 1666 1052 notarii
1678 1020 1798 1063 publici

1041 1083 1138 1105 manu
1160 1074 1187 1105 et
1210 1072 1344 1116 praelati
1366 1072 1574 1105 ecclesiastici
1602 1073 1709 1106 ciusve
1741 1085 1799 1107 cu-

1040 1126 1106 1159 riae
1128 1126 1232 1168 sigillo
1247 1126 1425 1168 obsignata,
1442 1126 1589 1159 eamdem
1605 1126 1690 1159 illam
1709 1138 1800 1170 pror-

1042 1190 1095 1212 sus
1115 1180 1226 1220 fidem,
1254 1183 1285 1212 in
1306 1179 1427 1213 iudicio
1449 1186 1479 1212 et
1494 1185 1582 1212 extra
1608 1180 1699 1219 illud,
1727 1181 1799 1214 ubi-

1042 1244 1104 1278 que
1132 1233 1276 1276 gentium
1307 1233 1435 1273 faciant,
1467 1244 1565 1277 quam
1600 1233 1687 1277 ipsae
1709 1246 1801 1278 prae-

1042 1292 1147 1320 sentes
1182 1288 1334 1328 facerent,
1369 1287 1394 1320 si
1428 1293 1534 1320 essent
1567 1287 1725 1321 exhibitae
1752 1289 1799 1322 vel

1043 1346 1202 1375 ostensae.

1087 1395 1201 1428 Datum
1224 1395 1344 1428 Romae
1365 1395 1451 1439 apud
1479 1395 1634 1428 Sanctum
1655 1396 1798 1435 Petrum,

1043 1459 1128 1483 anno
1162 1449 1396 1482 Incarnationis
1425 1449 1607 1482 dominicae
1631 1459 1748 1490 iianx,
1784 1460 1802 1482 v

1044 1503 1196 1536 kalendas
1208 1503 1328 1543 martii,
1342 1503 1549 1547 pontificatus
1560 1503 1661 1536 nostri
1673 1513 1758 1536 anno
1769 1513 1798 1536 v.

1065 1562 1129 1592 Dat.
1147 1562 1193 1592 die
1209 1561 1247 1592 025
1265 1561 1408 1592 februarii
1430 1561 1519 1599 1570,
1538 1561 1642 1601 pontif.
1660 1571 1736 1591 anno
1752 1570 1779 1592 v.

1372 1721 1470 1755 CLVI.

1046 1798 1200 1832 Prohibet
1217 1799 1382 1832 canonicis
1390 1798 1663 1831 Laceraneuse'bus
1673 1808 1712 1831 ote
1725 1799 1806 1832 ullas

1094 1858 1234 1886 tractare
1254 1854 1354 1896 possit
1380 1853 1416 1885 de.
1449 1853 1559 1896 officiis
1584 1853 1804 1895 emendatus,

1092 1907 1299 1939 m'xitatormn
1323 1911 1352 1939 ct
1374 1906 1653 1949 praetatui-«mm‚
1681 1906 1747 1938 uisi
1772 1906 1807 1938 in

1092 1961 1232 2003 capitulo
1245 1961 1401 2003 uenerati,
1416 1960 1471 1993 sub
1484 1971 1579 2003 pirna
1590 1960 1809 1992 etccommmzi-

1093 2015 1230 2047 cationis
1241 2018 1271 2046 et
1284 2014 1484 2057 privationis
1500 2013 1700 2055 ιίίψιίἱαίηηι
1719 2017 1777 2045 etc.
1795 2011 1817 2061 1*

1093 2095 1153 2125 Pius
1172 2095 1242 2131 Papa
1261 2095 1290 2128 V.
1306 2095 1339 2123 ad
1356 2095 1521 2130 perpetuam
1537 2094 1579 2122 rei
1591 2093 1760 2122 memoriam.

1093 2167 1264 2200 Pastoralis
1298 2166 1406 2206 officii,
1445 2165 1549 2205 nobis,
1587 2164 1710 2198 meritis
1735 2164 1810 2197 licet

1050 2221 1242 2265 imparibus,
1279 2231 1316 2253 ex
1350 2221 1414 2252 alto
1449 2218 1635 2258 commissi,
1663 2217 1808 2251 debitum

1049 2275 1187 2319 requirit
1228 2279 1263 2307 ut
1296 2274 1329 2307 in
1363 2283 1578 2316 numinaque,
1618 2271 1809 2315 praesertim

1050 2328 1249 2371 regularium
1290 2338 1520 2371 personarum,
1560 2325 1811 2368 congregatione

1052 2382 1274 2415 immoderatae
1295 2382 1327 2414 in
1348 2380 1539 2424 exoptandis
1551 2379 1761 2422 dignitatibus
1781 2384 1811 2412 et

1052 2436 1246 2480 praelaturis
1273 2434 1441 2467 ambitioni
1474 2433 1632 2473 habenaS,
1660 2443 1812 2465 censura-

1053 2500 1125 2522 rum
1161 2489 1310 2522 videlicct
1342 2487 1635 2521 ecclesiasticarum
1670 2491 1702 2519 et
1732 2486 1812 2519 alia-

1054 2555 1125 2577 rum
1149 2553 1341 2587 poenarum,
1364 2547 1524 2586 quantum
1551 2551 1625 2575 cum
1645 2541 1710 2574 Deo
1738 2551 1812 2584 pos-

1054 2608 1178 2638 sumus,
1202 2597 1419 2641 imponamus.

1092 2668 1101 2694 1
1122 2667 1159 2695 Ex
1172 2666 1285 2694 Bullario
1296 2665 1407 2692 huiusce
1423 2663 1542 2697 Ordinis,
1554 2666 1631 2699 parte
1645 2671 1664 2695 ι,
1679 2670 1737 2698 pag,
1754 2662 1812 2691 1255.

1812 952 1833 973 di
1848 952 1912 973 iubet.

1851 2177 1968 2198 Exordium.
