2237 3100
492 200 579 236 1012
1100 206 1246 231 numana
1269 205 1388 231 nomi

445 263 578 298 Notarii.
608 264 640 297 V.
661 263 874 297 Tabelliones.

449 317 675 358 Nummorum,
687 323 751 350 tam
764 327 801 349 ex
810 325 889 348 auro
901 323 999 357 quam
1011 324 1048 347 ex
1060 319 1194 356 argento
1206 312 1441 353 confectorum,
1454 318 1601 347 tonsores
1614 313 1647 346 in
1660 313 1746 346 Urbe
1757 314 1894 358 aliisque
1905 315 1936 348 S.
1950 315 1987 348 R.

536 370 696 405 Ecclesiae
709 367 786 402 locis
800 367 913 400 ultimo
927 367 1087 411 supplicio
1098 367 1296 411 plectuntur,
1308 366 1366 400 861
1385 367 1413 399 b.
1428 366 1582 410 Dynastae
1598 377 1663 399 non
1675 366 1853 411 impediant
1868 367 1991 401 iudices

539 425 571 457 in
592 425 665 464 hoc,
687 423 766 456 ibid.

450 478 583 512 Nunciis
603 476 802 518 ceterisque,
828 474 888 508 sub
908 474 1058 518 pluribus
1078 473 1209 518 poenis,
1232 473 1397 507 inhibetur
1418 484 1458 507 ne
1482 484 1500 507 a
1519 473 1724 518 principibus
1751 474 1791 506 ad
1817 483 1898 516 quos
1918 473 1992 506 mit-

537 536 660 570 tuntur,
682 529 806 561 favores
826 533 1004 572 procurent
1027 528 1066 560 ad
1091 527 1283 560 obtinendas
1311 527 1495 569 dignitates,
1520 526 1585 561 370
1605 538 1637 560 α.
1660 526 1848 571 Principum
1869 526 1994 560 litterae

538 584 692 625 analogae
706 582 753 614 vel
775 592 888 614 eorum
911 587 1077 614 oratorum
1105 591 1217 624 preces
1239 581 1313 614 Sedi
1339 581 1543 624 Apostolicae
1567 586 1736 625 porrectae
1764 580 1931 614 sufficiunt
1953 579 1995 614 ad

538 636 802 670 condemnandos
823 636 984 679 praefatos
1003 634 1238 675 inobedientes,
1262 635 1341 668 ibid.
1363 634 1392 667 b.

1205 825 1241 865 0

451 949 583 983 Odettus
602 960 620 982 a
639 947 837 988 Casffltione,
859 947 1046 986 cardinalis,
1070 947 1317 990 llugonotorum
1338 946 1498 979 haeresim
1520 945 1679 989 sequitur,
1701 945 1765 980 247
1787 947 1815 980 b.
1833 946 1999 980 Praevari-

540 1001 674 1035 cationis
696 1001 841 1045 probatio
868 1012 886 1034 a
911 1000 966 1033 Pio
995 1001 1031 1033 lV
1052 1000 1272 1033 cardinalibus
1292 999 1538 1043 inquisitoribus
1561 1000 1786 1041 committitur,
1803 999 1868 1034 ⁶248
1883 1011 1914 1033 a.
1932 1000 2001 1040 Qua

540 1055 661 1096 habita,
690 1055 774 1088 idem
795 1054 939 1087 Pontifex
959 1054 991 1087 in
1016 1054 1165 1087 Odettum
1184 1053 1329 1098 procedi,
1353 1059 1383 1086 et
1407 1054 1447 1086 ad
1473 1054 1669 1087 audiendam
1692 1054 1884 1087 sententiam
1909 1053 2001 1088 citari

541 1109 683 1149 mandat,
695 1109 790 1147 ibid.,·
801 1107 1011 1140 cardinalium
1024 1113 1109 1147 voto,
1123 1107 1215 1140 illum
1230 1106 1547 1140 excommunicatum
1562 1107 1780 1152 omnibusque
1791 1106 2002 1151 dignitatibus

541 1167 573 1195 et
590 1162 684 1195 bonis
705 1160 865 1205 privatum
881 1161 1034 1201 declarat,
1057 1161 1135 1193 ibid.
1160 1161 1187 1193 b.

451 1216 562 1250 Officia
588 1215 765 1248 ambientes
796 1214 1025 1247 iurisdictionis
1051 1212 1363 1248 administrationem
1389 1214 1541 1247 habentia
1561 1214 1710 1259 pluribus
1730 1214 1843 1259 poenis
1871 1213 2002 1248 subiicit

540 1269 614 1302 Pius
634 1269 668 1309 V,
691 1268 755 1302 950
775 1280 795 1301 α
815 1274 845 1301 et
863 1279 926 1311 seq.
950 1268 1127 1301 Declaratio
1148 1273 1178 1301 et
1195 1269 1336 1302 extensio
1357 1268 1580 1312 praecedentis
1604 1267 1833 1312 dispositionis,
1860 1267 1925 1302 952
1944 1279 1976 1302 a.

453 1323 610 1358 Officiales
631 1324 736 1357 Status
752 1321 966 1355 Ecclesiastici
990 1327 1019 1354 et
1037 1321 1261 1355 maleficorum
1275 1328 1480 1355 accusatores
1498 1332 1655 1366 quasnam
1677 1327 1784 1365 partes
1805 1321 2001 1355 muletarum

542 1377 692 1416 habeant,
710 1381 741 1409 et
761 1387 778 1408 a
798 1386 939 1418 quanam
962 1385 1101 1419 persona
1116 1386 1170 1408 eas
1189 1375 1360 1419 accipiant,
1382 1375 1448 1408 ’154
1468 1387 1499 1408 α.

455 1430 616 1465 Orationis
640 1435 671 1463 et
691 1428 799 1462 Mortis
819 1428 1006 1461 sodalitium
1027 1428 1159 1472 quidam
1181 1428 1405 1463 christifideles
1425 1429 1458 1462 in
1484 1429 1569 1463 Urbe
1590 1429 1766 1462 instituunt
1789 1428 2005 1472 quadraginta

543 1485 698 1518 horarum
715 1484 842 1526 singulo
865 1494 995 1527 quoque
1017 1494 1127 1516 mense
1139 1483 1276 1516 orationi
1296 1483 1510 1527 peragendae,
1523 1483 1621 1527 gratis
1645 1484 1861 1527 decenterque
1877 1493 2001 1528 paupe-

545 1549 616 1571 rum
630 1537 857 1571 defunctorum
880 1536 1071 1581 corporibus
1086 1536 1280 1580 sepeliendis
1301 1536 1437 1581 aliisque
1450 1536 1510 1580 piis
1530 1536 1684 1580 operibus
1702 1537 1902 1579 exercendis,
1916 1536 1958 1571 86
1971 1537 2001 1579 b3

545 1589 764 1624 ordinationes
793 1600 852 1633 pro
881 1589 949 1622 cius
975 1588 1132 1632 regimine
1163 1590 1375 1630 constituunt,
1398 1589 1438 1624 87
1459 1601 1491 1623 a.
1515 1590 1589 1623 Pius
1614 1590 1651 1623 IV
1671 1589 1798 1623 easdem
1822 1589 2000 1635 approbat,

543 1643 715 1677 accedente
744 1652 904 1675 consensu
930 1642 1108 1676 sodalitatis
1133 1642 1302 1684 Caritatis,
1331 1644 1408 1676 ibid.
1437 1643 1524 1676 Idem
1555 1643 1701 1676 Pontifex
1729 1642 1892 1676 sodalitati
1925 1653 2004 1677 con-

544 1698 628 1732 cedit
643 1698 829 1731 facultatem
850 1707 1075 1741 quoscumque
1097 1698 1130 1730 in
1151 1698 1276 1731 sodates
1295 1697 1484 1741 recipiendi,
1505 1698 1583 1731 ibid-
1601 1699 1633 1737 b,·
1653 1702 1783 1739 statuta,
1809 1708 1883 1731 cum
1912 1697 2006 1731 venia

545 1751 747 1795 protectoris,
770 1750 931 1783 condendi
952 1756 979 1783 et
1002 1751 1213 1791 reformandi,
1232 1750 1273 1784 88
1294 1763 1329 1792 a,·
1349 1762 1480 1784 crucem
1496 1751 1637 1794 ligneam
1658 1756 1688 1784 et
1703 1751 1854 1784 habitum
1874 1750 2005 1794 nigrum

543 1805 721 1844 deserendi,
745 1805 840 1845 2'I›i‹l.;
860 1805 1079 1848 eleemosynas
1099 1810 1129 1838 et
1149 1806 1252 1848 legata
1272 1804 1462 1848 recipiendi,
1485 1810 1581 1849 atque
1602 1805 1634 1838 in
1654 1804 1756 1838 dictos
1769 1805 1840 1849 pios
1854 1816 1932 1838 usus
1950 1816 2004 1838 ex-

545 1858 698 1903 ponendi,
722 1858 819 1897 ibid.;
840 1857 977 1890 sodalitii
1006 1859 1114 1891 sedem
1142 1860 1180 1891 ad
1207 1870 1448 1903 quamcumque
1469 1859 1564 1892 Urbis
1585 1859 1754 1892 ecclesiam
1772 1858 2004 1899 transferendi,

545 1918 574 1945 et
596 1912 822 1955 cappellanum
844 1911 985 1945 habendi
1011 1912 1050 1944 ad
1071 1918 1272 1945 sacramenta
1298 1912 1463 1946 sodalibus¹
1484 1912 1695 1955 ministranda
1716 1912 1813 1952 ibid.,·
1825 1923 2005 1956 pauperum

545 1965 771 1998 decedentium
798 1965 953 1998 cadavera
981 1966 1012 1998 in
1041 1966 1218 2009 parochiali
1248 1966 1402 2007 ecclesia,
1426 1966 1485 1999 sub
1513 1977 1577 2009 qua
1605 1966 1788 2006 decedunt,
1818 1965 2006 2010 sepeliendi,

547 2017 707 2062 requisitis
736 2018 902 2062 parochis,
927 2020 1004 2051 ibid.
1028 2020 1066 2059 b,·
1095 2019 1311 2063 indulgentias
1331 2026 1361 2052 et
1383 2019 1616 2052 confessionale
1636 2019 1814 2059 sodalibus,
1838 2018 2005 2053 sororibus

546 2076 577 2104 et
595 2071 677 2111 aliis,
700 2071 778 2104 ibid.
802 2077 831 2104 et
852 2083 913 2116 seq.
926 2084 936 2109 ,·
953 2072 1153 2115 guardianis,
1172 2072 1365 2122 officialibus
1383 2078 1413 2106 et
1427 2072 1590 2117 deputatis
1606 2072 1792 2106 facultatem
1810 2071 2006 2115 aggregandi

546 2123 624 2157 alias
643 2123 841 2164 sodalitates,
863 2123 904 2157 89
920 2136 950 2157 α.

1212 2323 1251 2364 Ρ

460 2446 662 2480 Parochiales
682 2448 837 2482 ecclesiae
858 2449 1005 2487 collatae,
1028 2459 1093 2482 non
1113 2455 1236 2483 servata
1261 2450 1364 2483 forma
1385 2449 1514 2483 concilii
1540 2449 1735 2490 Tridentini,
1760 2448 1922 2483 incassum
1942 2448 2008 2482 col-

550 2500 633 2533 latae
663 2501 880 2543 declarantur,
907 2501 971 2535 55ss
991 2503 1008 2535 b
1037 2509 1148 2547 etseq.
1172 2503 1351 2536 Parochiali
1381 2503 1515 2537 ecclesia
1545 2508 1691 2544 vacante,
1719 2503 1892 2546 episcopus
1911 2501 2006 2535 debet

550 2552 582 2585 in
602 2563 639 2585 ea
656 2553 811 2587 vicarium
833 2555 1039 2596 constituere,
1060 2555 1123 2589 606
1137 2566 1168 2588 ιι.
1195 2556 1219 2588 Α
1239 2556 1393 2590 collatore
1414 2555 1603 2589 nominandi
1615 2561 1690 2588 sunt
1715 2555 1825 2588 clerici
1838 2553 1946 2588 idonei
1965 2553 2006 2587 ad

551 2617 682 2639 examen
702 2608 919 2650 stheundum,
947 2609 1024 2643 ibid.
1053 2609 1228 2649 Qualitates
1252 2610 1521 2650 examinatorum,
1550 2610 1629 2642 ibid.
1652 2610 1681 2642 b.
1707 2608 1805 2652 Magis
1829 2607 1947 2642 idoneo
1974 2613 2007 2641 et
