2237 3100
1716 260 1757 294 57

297 324 311 367 ἓ
331 324 362 357 5.
385 324 1010 369 Etinsupereisdeniepiseopis,arcliie-
1052 323 1136 356 nime
1154 323 1316 368 impediri,
1335 329 1390 356 aut
1410 323 1555 356 censuris
1571 329 1599 356 et
1617 324 1728 367 poenis
1745 325 1803 357 liu-

68 387 237 408 lurisdietionem
252 377 405 421 piscopis,
424 377 618 422 primatibus
638 384 665 411 et
688 378 881 422 patriarchis
910 378 954 411 sic
974 384 1009 411 ut
1052 377 1190 410 iusmodi
1211 376 1303 420 ligari
1325 382 1379 410 aut
1400 377 1517 409 irretiri
1540 387 1684 411 censere.

54 417 237 470 ἓὲξῗῐῖοςῗᾷιῖξὲζ
252 431 468 475 praemittitur
494 432 721 472 residentibus,
745 434 827 465 ultra
844 432 1007 476 [111111οἓ10
1094 431 1108 474 ἓ
1134 430 1164 464 7.
1192 430 1308 475 Sicque
1334 431 1365 463 in
1392 430 1575 474 praemissis
1596 432 1748 464 omnibus
1774 438 1805 465 et
1832 440 1958 475 *Dm-retum
1977 442 2005 462 ir-

54 480 176 502 ⁵³⁰⁰²¹¹⁰¹⁰⁸
217 483 237 500 ⁰²
252 490 283 518 et
297 485 432 526 indulta,
456 485 500 519 eis
521 497 579 530 per
601 497 826 530 quoscumque
847 487 1008 519 Romanos
1051 485 1184 527 singulis
1205 497 1262 529 per
1292 496 1516 529 quoscumque
1539 487 1805 529 metropolitanos
1819 474 1892 492 ‘um'

77 513 116 531 'am
142 516 151 531 e
169 511 201 531 ula
215 517 237 531 es

54 515 114 564 {iim
129 517 237 564 rciauslm
251 538 422 572 Pontifices
433 539 880 582 praedecessoresnostrosae
892 539 1005 572 Sedent
1049 544 1104 571 aut
1124 538 1204 572 alios
1230 539 1351 573 iudices
1383 544 1410 572 et
1434 539 1685 580 commissarios,
1708 541 1804 574 etiam

1048 593 1159 625 Palatii
1184 594 1359 637 Apostolici
1385 594 1547 627 auditores
1577 600 1608 627 et
1638 594 1669 627 S
1702 595 1738 628 R.
1767 596 1801 628 E.

925 270 993 293 Plus
1016 270 1046 293 tv
1070 270 1117 293 1³1³.
1817 271 1866 297 An.
1885 269 1913 296 C.
1934 270 2002 299 1560

57 270 108 298 An.
124 270 154 297 C.
172 270 241 299 ¹560

54 575 156 601 degentes
187 581 238 602 quo<
388 592 393 597 .
691 594 695 599 .
827 594 831 599 .
851 593 855 598 .
934 593 946 602 η

53 606 166 627 modottbct
200 592 468 636 ex-Apostolicam
498 598 529 626 et
555 595 718 636 generalla
743 594 1005 627 etinciliaethztn-

53 640 140 666 emptos.

67 1951 181 1974 Adecreus
189 1960 223 1974 :in-

40 1986 60 2005 te
81 1985 222 2011 definitivam,

39 2019 60 2036 et
74 2016 108 2037 ubi
118 2018 186 2043 agitur
198 2017 223 2037 tle

39 2049 173 2069 correctione
182 2053 222 2068 mo·

39 2084 82 2099 rum
108 2079 223 2105 appellatio

39 2115 80 2131 non
97 2111 222 2132 admittitur.

252 646 400 679 cellariae
433 648 634 692 Apostolicae
674 648 800 691 regulas
829 658 979 680 concessa
996 674 1002 685 ,

250 711 332 744 quae
360 700 391 734 in
412 711 471 734 suo
492 701 609 735 robore
631 712 821 746 permanere
842 702 1001 739 volumus,

249 758 413 799 tamquam
429 767 446 788 a
462 755 546 789 dicta
558 757 637 789 Sede
654 756 817 799 delegatis,
831 755 861 787 111
872 755 1004 798 quibus-

249 819 389 853 cumque
410 809 567 847 civilibus,
589 810 811 843 criminalibus
830 809 877 842 vel
899 808 1004 841 mixtis

249 863 483 901 causis,contra
495 875 721 908 quoscumque
737 863 872 896 clericos
889 873 1002 896 saecu-

248 917 330 949 lares
360 918 583 961 particulares,
607 930 643 951 ac
665 918 759 951 etiam
780 922 866 949 extra
887 928 1001 949 eorum

247 971 441 1004 monasteria
476 984 532 1005 seu
562 971 723 1015 regularia
751 971 822 1003 loca
850 970 1002 1014 degentes

246 1024 420 1067 regulares,
431 1025 672 1069 quomodolibet
681 1028 855 1068 exemptos,
863 1024 1001 1057 auctori-

246 1083 309 1111 tate
333 1084 442 1112 nostra
464 1079 639 1123 procedere
656 1084 686 1111 et
706 1088 820 1111 causas
840 1077 925 1121 ipsas
946 1089 1000 1111 co-

245 1142 400 1175 gnoscere
444 1131 572 1175 fineque
600 1131 707 1164 debito
740 1130 932 1171 terminare,
963 1143 1000 1164 ac

245 1185 402 1229 quidquid
421 1184 657 1218 terminaverint
675 1185 789 1227 exequi
799 1189 829 1217 et
838 1185 1000 1218 observari

246 1240 369 1281 l'acere3
398 1239 550 1283 ipsosque
582 1243 746 1282 exemptos
773 1250 833 1282 pro
855 1244 999 1282 tempore

245 1293 465 1335 delinquentes
490 1291 575 1325 iuxta
596 1302 709 1325 eorum
727 1303 876 1325 excessus
896 1298 924 1326 et
947 1293 1000 1326 de-

243 1346 317 1379 licta
336 1346 463 1390 punire,
488 1345 652 1389 corrigere
668 1351 698 1379 et
719 1357 849 1379 omnem
871 1346 998 1380 iurisdi-

242 1399 382 1433 ctionem
398 1399 430 1432 in
446 1410 501 1432 eos
517 1410 681 1441 exercere,
699 1400 874 1444 omniaque
891 1400 952 1434 alia
969 1406 996 1434 et

241 1454 377 1497 singula,
396 1454 428 1487 in
445 1454 630 1499 praemissis
650 1459 680 1487 et
700 1454 785 1488 circa
806 1466 843 1487 ea
863 1466 998 1498 quomo-

240 1509 361 1543 dolibet
376 1508 557 1542 necessaria
569 1514 596 1542 et
609 1514 806 1553 opportuna,
826 1521 908 1553 quae
925 1521 998 1545 nos-

240 1569 304 1598 met
324 1565 442 1605 facere,
465 1575 614 1597 exercere
631 1570 662 1597 et
682 1564 797 1607 exequi
814 1576 994 1609 possemus,

238 1620 271 1653 in
291 1618 442 1652 omnibus
459 1623 489 1651 et
509 1629 568 1662 per
583 1618 693 1652 omnia
714 1619 831 1659 facere,
846 1630 997 1653 exercere

239 1678 269 1706 et
289 1673 403 1716 exequi
424 1673 524 1706 libere
546 1677 576 1705 et
596 1672 682 1705 licite
703 1673 839 1711 valeant,
868 1674 996 1717 plenam

238 1727 413 1760 etliberam
429 1725 593 1760 licentiam
614 1738 651 1759 ae
666 1726 864 1763 facultatem,
883 1734 995 1761 aucto-

237 1780 329 1814 ritate
350 1785 380 1814 et
399 1786 511 1814 tenore
532 1780 715 1825 praedictis
737 1781 949 1815 concedimus
966 1788 995 1815 et

240 1835 455 1879 indulgemus.

283 1891 297 1935 g
317 1890 347 1923 6.
375 1891 591 1924 Decernentes
620 1890 659 1923 ab
681 1900 795 1923 eorum
817 1890 994 1924 ordinatio-

239 1944 351 1985 nibus,
380 1943 685 1977 interloeutionibus
711 1949 741 1977 et
765 1944 903 1978 decretis
923 1950 995 1978 ante

238 1998 435 2032 definitivam
455 1998 646 2032 sententiam
666 1999 715 2031 vel
734 1998 798 2031 vim
815 1999 994 2033 definitivae

239 2051 423 2093 habentem,
438 2058 465 2085 et
478 2052 532 2085 ubi
549 2057 662 2096 agetur
677 2052 715 2085 de
732 2063 861 2085 morum
888 2065 995 2087 corre-

239 2106 357 2147 ctione,
370 2107 567 2145 nullatenus,
580 2107 675 2139 etiam
697 2107 734 2139 ad
752 2117 810 2139 nos
830 2112 860 2140 et
881 2107 993 2141 Sedem

238 2160 382 2205 Apostol.
400 2187 407 2200 ‚
434 2160 589 2204 appellari
609 2171 718 2203 posse,
735 2165 765 2193 et
785 2160 994 2195 nihilominus

238 2225 296 2258 per
305 2213 537 2258 appellationes
548 2225 772 2258 quascumque
781 2220 892 2248 contra
904 2227 995 2259 prae-

237 2268 377 2301 sentium
405 2273 550 2301 tenorem
579 2268 824 2311 quomodolibet
849 2269 993 2315 interpo-

237 2322 311 2355 sitas
327 2322 460 2355 minime
472 2332 586 2355 causas
597 2321 731 2359 devolvi,
754 2328 809 2356 aut
828 2323 923 2357 etiam
936 2332 994 2368 per

236 2380 363 2424 quasvis
383 2380 603 2420 inhibitiones,
618 2380 714 2413 etiam
735 2391 809 2414 cum
830 2383 994 2426 quibusvis

238 2438 383 2472 censuris
403 2444 434 2472 et
454 2439 567 2482 poenis
589 2438 634 2471 eis
654 2450 671 2471 a
691 2439 856 2483 quibusvis
876 2441 992 2475 iudici-

237 2497 297 2530 bus
317 2497 488 2531 ordinariis
508 2498 554 2530 vel
581 2498 734 2540 delegatis
750 2498 856 2532 forsan
873 2500 992 2534 sacien-

237 2556 303 2596 das,
313 2555 442 2589 illarum
459 2556 648 2589 ulteriorem
661 2556 876 2599 cognitionem
894 2564 922 2592 et
943 2571 993 2593 ex-

236 2614 431 2658 peditionem
452 2620 492 2655 et,
509 2615 564 2648 ubi
586 2615 624 2648 de
642 2625 770 2649 morum
792 2618 992 2651 correctione

234 2677 357 2716 agetur,
381 2673 476 2706 etiam
497 2673 673 2717 legitimam
695 2675 918 2709 executionem
936 2676 993 2709 nii-

313 2726 388 2757 Bau.
409 2726 487 2758 Rom.
509 2727 564 2758 Vol.
587 2727 644 2758 VII.
856 2729 873 2760 8

1048 647 1238 687 cardinales,
1262 649 1385 681 sublata
1402 648 1446 681 eis
1457 649 1549 682 aliter
1560 649 1736 687 iudicandi,
1760 650 1805 683 in-

1049 703 1245 745 terpretandi
1272 708 1325 735 aut
1346 703 1520 735 deliniendi
1544 704 1805 746 potestate,iudi-

1047 755 1123 791 cari,
1144 756 1271 788 deliniri
1292 762 1347 788 aut
1364 756 1566 800 interpretari
1588 757 1717 799 debere,
1745 770 1804 792 nec

1046 819 1109 841 11011
1128 808 1255 841 irritum
1272 810 1407 842 etinane
1419 810 1577 854 quidquid
1590 822 1709 844 secusa
1725 824 1805 857 quo-

1045 873 1164 905 quam,
1199 864 1309 907 quavis
1345 865 1552 906 auctoritate,
1590 865 1727 899 scienter
1755 868 1802 900 vel

1046 915 1253 959 ignoranter,
1272 917 1439 960 contigerit
1459 919 1621 952 attentari.

1088 971 1102 1013 ξ
1127 970 1158 1004 S.
1182 971 1367 1004 Mandantes
1394 973 1630 1007 venerabililnis
1651 975 1802 1008 fratribus

1043 1025 1161 1057 nostris
1176 1025 1331 1058 Feltrensi
1347 1031 1374 1059 et
1401 1025 1594 1060 Pisauriensi
1615 1040 1651 1061 ac
1677 1029 1800 1062 Ameri-

1044 1078 1135 1110 nensi
1145 1079 1306 1123 episcopis
1316 1090 1375 1123 per
1385 1080 1561 1124 apostoliea
1572 1081 1701 1125 scripta,
1713 1088 1801 1116 1110111

1044 1129 1157 1169 simili,
1187 1137 1348 1175 quatenus
1372 1132 1432 1176 ipsi
1458 1134 1505 1167 vel
1535 1135 1600 1167 duo
1638 1141 1689 1168 aut
1718 1147 1802 1169 unus

1043 1195 1170 1222 eorum,
1194 1196 1252 1229 per
1272 1196 1304 1219 se
1325 1186 1374 1219 vel
1390 1186 1489 1219 alium
1513 1198 1569 1219 seu
1595 1188 1684 1226 alios,
1707 1200 1800 1232 prae-

1043 1242 1148 1271 sentes
1164 1238 1274 1272 literas
1294 1244 1324 1272 et
1340 1239 1372 1272 in
1393 1240 1438 1273 eis
1458 1245 1607 1274 contenta
1624 1253 1800 1285 quaecum-

1042 1302 1115 1334 que,
1133 1292 1188 1324 ubi
1205 1298 1233 1326 et
1252 1294 1382 1336 quando
1404 1304 1485 1337 opus
1505 1295 1600 1327 suerit
1626 1302 1652 1328 et
1676 1297 1801 1339 quoties

1041 1356 1100 1390 pro
1113 1351 1203 1389 parte
1214 1347 1404 1380 eorumdem
1415 1348 1656 1393 episcoporum,
1674 1351 1800 1384 arehie-

1042 1400 1266 1445 piscoporum,
1280 1402 1480 1445 primatuum
1492 1408 1523 1436 et
1539 1403 1799 1446 patriarcharum

1041 1465 1098 1487 seu
1115 1455 1253 1488 alieuius
1277 1467 1391 1489 eorum
1410 1458 1550 1501 desuper
1570 1459 1716 1501 requisiti
1732 1461 1800 1494 sue-

1041 1506 1121 1552 rint,
1154 1512 1342 1545 solemniter
1374 1512 1594 1556 publicantes,
1628 1514 1738 1558 eisque
1767 1516 1799 1548 in

1040 1566 1224 1609 praemissis
1255 1567 1392 1599 efficacis
1418 1567 1613 1600 detensionis
1638 1569 1798 1612 praesidio

1039 1619 1231 1661 assistentes,
1242 1620 1357 1653 saciant
1370 1621 1481 1654 eadem
1491 1621 1682 1655 auctoritate
1690 1628 1799 1657 nostra

1040 1673 1151 1706 illoset
1167 1684 1279 1706 eorum
1297 1674 1441 1717 singulos
1452 1675 1604 1707 omnibus
1619 1681 1649 1708 et.
1665 1676 1799 1720 singulis

1040 1728 1224 1771 praemissis
1244 1728 1378 1772 pacifice
1409 1729 1472 1762 t'rui
1493 1734 1523 1762 et
1543 1730 1704 1773 gaudere,
1732 1743 1797 1765 non

1039 1782 1260 1825 permittentes
1281 1793 1335 1816 eos
1356 1783 1496 1828 desuper
1516 1794 1574 1827 per
1593 1786 1722 1818 eosdem
1744 1797 1797 1819 ca-

1039 1836 1226 1875 merarium,
1254 1837 1505 1879 thesaurarium,
1526 1839 1746 1882 praesidentes
1767 1846 1797 1874 ct

1039 1890 1174 1924 clericos
1201 1902 1329 1924 necnon
1355 1893 1546 1925 collectores
1571 1898 1601 1926 et
1635 1895 1796 1928 subcelle—

1038 1950 1143 1978 ctores
1168 1950 1194 1978 et
1217 1951 1383 1979 exactores
1399 1951 1429 1979 et
1452 1947 1691 1982 commissarios
1707 1961 1798 1993 prae-

1038 2000 1118 2032 fatos
1144 2010 1199 2033 5011
1216 2011 1441 2044 quoscumque
1456 2001 1535 2034 alios
1551 2003 1796 2045 quomodolibet

1039 2052 1178 2087 indebite
1199 2055 1374 2095 molestari,
1398 2056 1651 2090 contradictores
1676 2058 1796 2101 quosli-

1036 2108 1089 2141 bet
1114 2113 1141 2140 01
1172 2108 1309 2142 rebelles
1344 2120 1402 2152 per
1431 2109 1550 2143 similes
1579 2121 1731 2145 censuras
1765 2117 1795 2145 et

1036 2172 1157 2205 poenas
1188 2162 1420 2196 ecclesiasticas
1454 2174 1490 2196 ac
1520 2164 1580 2197 alia
1611 2171 1795 2209 opportuna

1036 2216 1116 2249 iuris
1128 2222 1157 2249 et
1169 2216 1243 2249 sacti
1255 2217 1410 2255 remedia,
1434 2218 1648 2261 appellatione
1665 2224 1794 2264 postpo-

1037 2270 1104 2309 sita,
1118 2272 1368 2315 compescend02
1386 2283 1523 2313 necnon,
1536 2273 1686 2315 legitimis
1697 2285 1794 2318 super

1035 2324 1085 2357 his
1105 2325 1261 2358 habendis
1282 2326 1410 2359 servatis
1430 2326 1653 2370 processibus,
1677 2339 1793 2362 censu-

1036 2390 1087 2412 ras
1108 2384 1138 2413 et
1158 2391 1279 2424 poenas
1300 2380 1384 2423 ipsas
1414 2380 1510 2413 etiam
1532 2380 1652 2414 iteratis
1671 2382 1795 2415 vicibus

1036 2435 1256 2477 aggravando,
1284 2434 1448 2474 invocato,
1476 2434 1572 2467 etiam
1598 2435 1637 2468 ad
1661 2435 1739 2477 hoc,
1768 2437 1792 2469 si

1036 2494 1117 2526 opus
1138 2483 1245 2523 suerit,
1268 2482 1386 2516 auxilio
1402 2484 1526 2516 brachii
1547 2484 1731 2518 saecularis.

1079 2532 1093 2575 ξ
1110 2532 1141 2565 (l.
1153 2532 1221 2566 'Non
1235 2532 1436 2565 obstantibus
1446 2532 1546 2565 felicis
1560 2534 1792 2568 recordationis
1834 2546 1943 2567 cumulo
1954 2547 1992 2568 ae-

1035 2581 1188 2614 Bonit‘acii
1206 2583 1307 2626 Papae
1317 2582 1392 2622 VIII,
1404 2582 1660 2626 praedecessoris
1680 2584 1790 2625 nostri,
1807 2579 1931 2604 '‘⁰ss‘*¹⁰¹³³⁰'

1035 2631 1074 2663 de
1085 2642 1158 2671 una,
1167 2637 1195 2664 et
1209 2632 1338 2664 concilii
1353 2631 1511 2674 generalis
1522 2632 1559 2665 de
1570 2632 1695 2666 duabus
1707 2633 1790 2666 diae-

1034 2680 1085 2722 tis,
1096 2680 1273 2714 dummodo
1289 2681 1374 2714 ultra
1391 2686 1453 2716 tres
1463 2681 1582 2716 diaetas
1598 2681 1714 2726 aliquis
1729 2693 1786 2715 au-

1862 985 2002 1008 meoniorum

1816 1019 1877 1039 istius
1898 1020 2003 1039 coustitu—

1817 1051 1880 1071 tionis
1894 1051 2001 1076 deputatio

1817 1084 1838 1102 ct
1855 1081 1973 1102 facultates.
