2237 3100
1080 283 1259 307 siiLLAruUM
1279 285 1430 310 ROMANUM
2047 285 2096 312 An.
2113 283 2143 311 C.
2161 285 2230 315 ηεαδ

1280 338 1460 371 dinationes
1480 343 1511 371 et
1529 338 1670 383 capitula
1690 338 1892 372 rationabilia
1921 343 1952 372 et
1971 338 2029 371 ho·
2047 344 2230 396 deggictgffiteaoffi

1281 398 1367 424 nesta
1395 402 1432 424 ac
1458 392 1556 425 sacris
1575 391 1753 424 canonibus
1771 402 1836 425 non
1857 396 2030 431 contraria,
2048 406 2088 426 cna
2118 409 2138 426 ει
2165 407 2230 428 sacris

284 287 335 315 An.
353 288 382 315 c.
403 288 470 316 1555
528 279 592 313 266

286 350 419 375 subtractis.
449 353 468 370 et
484 342 567 386 gulis
587 341 792 381 obviandum,
813 346 902 374 motu
919 339 1014 373 simili
1036 343 1066 371 et
1081 343 1167 371 certa
1179 348 1237 370 no<

285 383 317 402 eis
346 384 408 401 autea
427 387 468 401 non
607 396 612 401 .
674 396 679 401 .
987 394 992 399 .
1215 393 1220 397 .

285 414 469 439 consignatum
485 402 548 430 stra
570 401 714 435 scientia,
743 407 779 428 ac
800 396 838 428 de
859 394 1052 438 apostolicae
1075 398 1238 436 potestatis

284 445 384 469 advenas,
395 445 469 471 quibus

284 475 380 502 hospites
389 480 410 497 et
420 482 469 497 cau<

284 512 352 532 pones
374 507 413 528 hoc
430 514 468 528 uo-

285 538 419 559 tifieaverint.

330 1800 464 1822 Confirmatio

281 1832 410 1858 privilegior.
444 1835 464 1852 et

281 1863 407 1882 ordination.
430 1869 465 1883 so-

281 1894 365 1915 rietatis

280 1927 331 1946 tum.

395 1894 463 1921 hospi*

485 449 695 494 plenitudine,
716 450 875 487 volumus,
907 446 1076 480 statuimus
1101 452 1131 479 et
1151 446 1237 479 ordi—

484 514 598 536 namus
612 503 774 546 deinceps,
793 501 957 545 perpetuis
978 500 1093 533 suturis
1114 506 1237 544 tempo-

484 557 584 596 ribus,
607 567 829 599 quascumque
849 566 973 588 merces
986 581 993 595 ,
1026 553 1237 597 pecuniarum

484 621 637 649 summas,
661 610 722 642 alia
744 620 794 642 res
806 615 836 642 et
851 610 948 649 bona,
962 619 1065 651 usquc
1078 609 1116 641 ad
1127 619 1238 651 spuun-

485 674 624 705 cumque
644 662 854 705 quantitatem
874 662 1090 701 ascendentia,
1104 672 1161 705 pcr
1172 672 1238 694 eos-

484 718 555 750 dem
592 717 734 760 hospites
754 721 784 749 et
817 716 955 749 advenas
975 727 1012 748 ac
1032 715 1112 748 alios
1132 716 1237 748 alber-

482 770 634 814 gatorios,
657 771 716 803 sibi
738 770 1045 814 quomodocumque
1076 775 1106 802 et
1132 770 1237 813 quali-

483 831 672 868 tercumque
694 825 778 857 furto
799 824 960 857 subtracta
977 829 1007 856 et
1026 823 1150 856 sublata
1171 824 1237 856 sore

482 883 661 911 asserentes
683 889 720 911 ac
745 878 1002 922 praetendentes,
1019 889 1036 909 a
1056 877 1149 909 dictis
1181 877 1238 910 lio-

481 931 629 976 spitibus,
653 931 908 974 albergatoribus
931 937 957 964 et
980 930 1182 975 cauponibus
1201 942 1237 963 ac

482 995 595 1017 eorum
611 984 756 1027 quolibet.
776 984 807 1017 in
824 984 976 1023 solidum,
994 984 1053 1017 nisi
1073 983 1126 1016 illa
1148 984 1237 1027 prius

481 1049 539 1083 per
555 1039 683 1072 eosdem
705 1039 841 1071 advenas
871 1050 907 1070 ac
931 1038 1125 1081 hospitarios
1145 1043 1173 1070 et
1190 1038 1236 1070 al-

481 1091 681 1134 bergatorios
708 1091 827 1124 eisdem
849 1090 1031 1135 hospitibus
1048 1118 1055 1131 ,
1090 1091 1235 1134 alberga-

482 1145 606 1179 toribus
626 1150 657 1178 et
677 1145 879 1188 cauponibus
899 1145 931 1178 in
966 1145 1144 1178 custodiam
1165 1145 1236 1177 data

480 1205 511 1233 et
532 1199 718 1241 consignata
738 1199 869 1238 suerint,
893 1198 1024 1231 minime
1041 1198 1155 1242 repeti;
1178 1209 1236 1231 nec

478 1252 609 1286 'eosdem
621 1252 774 1296 hospites,
787 1252 1004 1295 albergatores
1024 1257 1054 1285 et
1074 1262 1237 1295 caupones

479 1307 619 1350 desuper
639 1305 814 1345 conveniri,
837 1306 920 1350 capi,
943 1305 1103 1345 arrestari,
1133 1305 1236 1339 incar-

481 1359 595 1399 cerari,
616 1359 752 1392 detineri
778 1364 833 1392 aut
850 1359 1083 1403 quoquomodo
1106 1360 1237 1393 realiter

479 1413 527 1446 vel
555 1411 769 1456 personaliter
802 1412 978 1452 molestari,
1014 1411 1117 1445 vexari
1143 1423 1235 1456 posse

479 1477 584 1510 neque
605 1466 732 1500 debere.
756 1466 843 1505 Quae
863 1466 971 1499 omnia
988 1466 1160 1510 praedictis
1180 1467 1236 1500 ho-

479 1519 617 1563 spitibus
637 1525 668 1552 et
687 1519 816 1553 advenis
836 1531 873 1552 ac
893 1519 1115 1562 albergatoriis
1136 1520 1169 1553 in
1184 1532 1235 1554 eo-

479 1583 552 1606 rum
574 1572 720 1616 ingressu
740 1572 815 1606 dieti
844 1573 997 1617 hospites,
1018 1573 1236 1617 albergatores

480 1630 511 1659 et
528 1636 693 1670 caupones
708 1625 876 1660 notificare
893 1631 924 1659 et
939 1625 1087 1659 intimare
1099 1626 1236 1660 debeant

482 1684 514 1713 et
532 1685 714 1713 teneantur.

523 1733 539 1776 ἓ
558 1732 590 1766 2.
612 1733 743 1766 Necnon
765 1731 871 1766 omnia
893 1737 923 1765 et
952 1732 1078 1776 singula
1107 1733 1235 1776 gratias,

480 1786 717 1826 concessiones,
740 1785 971 1826 immunitates,
1008 1785 1172 1830 privilegia
1205 1792 1236 1820 et

479 1840 603 1873 indulta
624 1851 681 1884 per
701 1850 925 1887 quoscumque
945 1840 1106 1873 Romanos
1126 1841 1234 1874 Ponti-

480 1894 557 1928 fices
577 1895 842 1938 praedecessores
853 1899 979 1927 nostros
1005 1904 1042 1926 ac
1059 1905 1117 1927 nos
1133 1899 1163 1927 et
1179 1895 1234 1928 Se-

480 1949 552 1982 dem
573 1949 791 1993 Apostolicam
813 1944 994 1993 praedictae
1029 1948 1171 1981 societati
1206 1954 1236 1982 et

479 2013 593 2036 eorum
614 2003 761 2046 singulis,
783 2003 814 2036 in
848 2013 966 2046 genere
986 2004 1033 2036 vel
1055 2003 1087 2035 in
1113 2004 1232 2048 specie,

480 2068 649 2091 concessas
669 2062 700 2090 et
719 2068 886 2098 concessa,
908 2068 1034 2091 necnon
1055 2069 1232 2101 quaecum-

479 2123 542 2157 que
562 2112 715 2157 capitula,
751 2117 868 2146 statuta
887 2118 918 2146 et
938 2112 1157 2146 ordinationes
1178 2125 1235 2157 per

479 2177 533 2200 eos
571 2167 727 2200 hactenus
761 2166 1005 2210 quomodolibet
1040 2167 1169 2200 condita
1205 2174 1235 2201 et

478 2221 561 2254 facta
578 2247 586 2261 ‚
621 2220 705 2254 licita
728 2226 834 2253 tamen
854 2225 885 2253 et
908 2220 1054 2261 honesta,
1076 2227 1235 2264 quatenus

480 2275 542 2308 sint
560 2274 594 2308 in
614 2286 687 2315 usu,
710 2274 822 2308 eadem
838 2274 1027 2308 auctoritate
1047 2276 1234 2319 apostolica,

479 2333 590 2362 tenore
610 2328 842 2373 praesentium,
865 2328 1097 2364 confirmamus
1131 2334 1161 2362 et
1180 2341 1234 2374 ap-

480 2383 655 2427 probamus
672 2410 679 2422 ,
716 2382 843 2427 illisque
870 2388 1046 2427 perpetuae
1076 2383 1235 2416 firmitatis

480 2437 580 2470 robur
600 2436 770 2470 adiicimus
784 2464 791 2477 ,
814 2448 990 2480 omnesque
1020 2442 1051 2469 et
1071 2437 1214 2480 singulos
1227 2465 1234 2478 ‚

479 2491 542 2519 tam
564 2486 643 2519 iuris
681 2497 778 2529 quam
805 2486 891 2526 facti,
922 2486 946 2520 si
980 2485 1035 2529 qui
1056 2486 1163 2519 forsan
1184 2487 1234 2519 in-

479 2534 684 2575 tervenerint,
708 2546 743 2567 ac
764 2534 1003 2568 solemnitatum
1019 2535 1158 2578 desuper
1173 2536 1236 2568 for-

482 2594 537 2617 san
558 2584 750 2617 omissarum
771 2585 914 2618 desectus
936 2584 1134 2629 supplemus.

527 2633 542 2677 ἓ
566 2632 597 2666 3.
621 2633 684 2667 Seu
704 2633 737 2667 in
757 2633 877 2667 eisdem
894 2661 902 2675 ,
928 2633 952 2666 si
973 2632 1115 2667 societati
1149 2633 1235 2667 vide-

489 2682 589 2725 bitur,
612 2682 671 2717 sibi
697 2694 920 2727 quaecumque
953 2683 1014 2717 alia
1034 2688 1169 2726 statuta,
1189 2694 1238 2718 or—

1281 445 1439 478 condendi
1474 451 1505 478 et
1531 445 1657 486 edendi,
1679 456 1717 478 ac
1741 445 1868 478 condita
1888 451 1919 478 et
1939 445 2020 478 edita

1281 510 1339 542 pro
1361 504 1545 543 temporum
1565 498 1716 541 qualitate
1737 504 1767 531 et
1786 499 1912 542 quoties
1931 498 1977 532 eis
1987 499 2032 531 vi-

1281 552 1430 593 debitur,
1466 552 1643 592 alterandi,
1671 552 1815 586 mutandi
1842 557 1872 586 et
1892 552 2031 593 delendi,

1280 617 1317 638 ac
1337 606 1398 638 alia
1419 606 1457 638 de
1477 616 1557 638 novo
1584 605 1733 645 faciendi,
1751 616 1846 648 quae,
1864 610 2033 649 postquam

1281 658 1409 691 condita
1436 664 1467 692 et
1486 659 1569 691 edita
1611 670 1648 692 ac
1674 664 1794 692 mutata
1827 664 1858 691 et
1881 659 1920 692 de
1952 669 2033 692 novo

1280 712 1362 744 sacta
1382 716 1412 744 et
1442 723 1499 755 per
1532 712 1746 745 camerarium
1767 712 1944 756 approbata
1963 712 2033 746 sue-

1280 765 1354 805 rint,
1375 776 1413 798 eo
1434 765 1502 809 ipso
1523 766 1635 799 eadem
1653 765 1843 799 auctoritate
1858 765 2035 810 approbata

1280 824 1311 851 et
1331 818 1521 851 confirmata
1541 818 1604 851 sint
1619 823 1649 851 et
1668 830 1735 852 esse
1752 823 1956 860 censeantur,
1968 819 2033 862 ple—

1279 883 1353 904 nam
1388 877 1418 905 et
1447 873 1580 905 liberam
1602 873 1798 913 facultatem,
1820 872 1983 906 licentiam
2003 877 2035 906 et.

1280 930 1471 970 potestatem
1492 926 1712 959 concedimus.

1323 980 1337 1022 ἓ
1357 979 1387 1011 lt.
1420 979 1457 1011 Et
1477 980 1519 1012 ita
1539 990 1597 1023 per
1616 990 1840 1023 quoscumque
1860 979 1983 1014 iudices
2003 985 2034 1013 et

1279 1032 1528 1075 commissarios,
1550 1033 1660 1076 quavis
1684 1033 1872 1067 auctoritate
1892 1038 1923 1067 et
1942 1039 2033 1078 pote-

1279 1091 1357 1119 state
1378 1087 1548 1130 sungentes
1565 1114 1572 1127 ,
1596 1087 1692 1120 etiam
1714 1097 1887 1120 causarum
1921 1088 2033 1122 Palatii

1279 1140 1453 1183 Apostolioi
1474 1140 1637 1174 auditores
1655 1167 1662 1181 ,
1698 1151 1735 1173 ac
1760 1140 1791 1174 S.
1814 1140 1851 1173 R.
1873 1140 1910 1174 E.
1932 1141 2034 1174 cardi-

1279 1198 1378 1238 nales,
1412 1209 1539 1231 necnon
1560 1198 1694 1231 dilectos
1713 1198 1797 1231 filios
1816 1208 1904 1231 nunc
1924 1203 1955 1231 et
1974 1210 2034 1243 pro

1278 1255 1424 1295 tempore
1439 1251 1609 1284 existentes
1628 1251 1731 1284 dictae
1751 1251 1845 1285 Urbis
1864 1262 2033 1285 conserva-

1278 1309 1364 1337 tores
1382 1331 1389 1344 ,
1419 1303 1555 1337 iudicari
1585 1310 1615 1337 et
1639 1304 1766 1338 definiri
1803 1316 1840 1338 ac
1873 1305 2034 1339 observari

1278 1357 1408 1397 debere,
1430 1357 1556 1390 sublata
1574 1362 1633 1390 etc.
1656 1357 1688 1391 Si
1708 1357 1780 1402 quis
1804 1362 1877 1399 etc„
1905 1358 2033 1393 irritum

1277 1421 1408 1454 quoque
1434 1415 1491 1443 ete.
1515 1410 1722 1444 decernimus
1745 1416 1777 1444 et
1795 1411 2009 1446 declaramus.

1321 1464 1386 1507 gf).
1410 1464 1480 1497 Non
1506 1464 1707 1498 obstantibus
1736 1464 2031 1506 constitutionibus,

1277 1517 1536 1551 ordinationibus
1569 1528 1606 1551 ac
1639 1517 1763 1551 statutis
1781 1544 1789 1559 ,
1818 1518 1915 1553 etiam
1944 1518 2033 1553 iura-

1278 1576 1385 1605 mento
1406 1576 1463 1607 etc.
1493 1572 1652 1606 roboratis
1660 1585 1668 1613 3
1691 1571 1865 1616 privilegiis
1889 1583 2032 1618 quoque,

1278 1625 1410 1658 indultis
1444 1631 1474 1658 et
1503 1625 1604 1659 literis
1637 1626 1823 1670 apostolicis
1843 1626 2032 1671 praedictiS,

1277 1679 1558 1713 conservatoribus
1587 1685 1618 1713 et
1645 1680 1811 1724 quibusvis
1830 1680 1901 1714 aliis
1921 1691 2033 1725 perso-

1277 1733 1338 1773 nis,
1356 1732 1415 1766 sub
1425 1733 1687 1777 quibuscumque
1700 1734 1865 1768 tenoribus
1881 1739 1912 1768 et
1921 1733 2034 1768 formis

1277 1798 1313 1820 ac
1334 1798 1409 1820 cum
1429 1787 1606 1831 quibusvis,
1636 1788 1732 1821 etiam
1753 1788 2032 1832 derogatoriarum

1277 1840 1488 1884 derogatoriis
1514 1841 1650 1885 aliisque
1684 1842 1921 1876 efficacioribus
1939 1848 1971 1877 et
1985 1843 2031 1877 in-

1277 1895 1390 1935 solitis‚
1404 1895 1570 1936 clausulis,
1593 1896 1688 1928 etiam
1700 1895 1823 1930 iteratis
1841 1896 1979 1938 vicibus,
2000 1909 2031 1931 e-

1278 1949 1352 1982 tiam
1375 1948 1443 1993 pari
1464 1954 1564 1989 motu,
1585 1949 1760 1989 concessis,
1782 1954 1839 1983 etc.
1863 1955 1894 1983 et
1913 1961 2030 1989 eonce-

1277 2004 1401 2045 dendis,
1427 2004 1548 2047 quibus
1574 2004 1737 2046 omnibus,
1757 2004 1892 2046 etiamsi,
1911 2016 1971 2050 pro
1991 2005 2031 2039 il-

1277 2059 1383 2091 lorum
1400 2058 1570 2091 sufficienti
1586 2058 1806 2102 derogatione,
1824 2059 1863 2092 de
1880 2059 1942 2094 illis
1956 2063 2029 2100 etc„

1277 2119 1405 2146 tenores
1425 2117 1498 2153 etc„
1516 2112 1548 2145 in
1564 2112 1665 2146 literis
1685 2113 1840 2147 latissime
1860 2114 2032 2147 extenden-

1277 2167 1324 2201 dis
1344 2172 1417 2207 θέα,
1446 2167 1506 2200 hac
1527 2166 1594 2200 vice
1619 2168 1823 2210 derogamus,
1852 2167 2032 2212 ceterisque

1277 2221 1446 2256 contrariis
1481 2221 1755 2265 quibuscumque,
1778 2232 1853 2255 cum
1878 2222 2033 2256 clausulis

1277 2275 1470 2320 opportunis
1486 2281 1513 2309 et
1536 2275 1711 2309 consuetis.

1497 2329 1565 2362 Fiat
1584 2334 1619 2362 ut
1635 2329 1765 2373 petitur.
1784 2329 1807 2362 1.

1321 2385 1335 2428 ξ
1355 2384 1385 2417 6.
1410 2385 1446 2417 Et
1466 2395 1540 2417 cum
1561 2384 1763 2417 absolutione
1782 2394 1800 2416 a
1815 2383 1970 2425 censuris,
1990 2384 2029 2418 ad

1277 2437 1426 2470 effectum
1448 2441 1505 2470 etc.
1523 2449 1530 2477 ;
1567 2442 1597 2470 et
1616 2437 1702 2481 quod
1722 2441 1850 2470 tenores
1875 2437 2030 2481 capitulo—

1278 2498 1350 2519 rum
1371 2497 1407 2520 ac
1436 2492 1628 2520 statutorum
1651 2492 1681 2520 et
1708 2485 1949 2520 ordinationum
1973 2498 2031 2531 per

1278 2536 1462 2569 societatem
1484 2536 1681 2580 praedictam
1702 2535 1945 2579 quomodolibet
1955 2547 2030 2570 con-

1278 2586 1433 2620 fectarum
1455 2586 1635 2619 habeantur
1654 2596 1712 2629 pro
1728 2585 1898 2630 expressis,
1920 2596 1977 2619 seu
1998 2586 2029 2619 in

1278 2640 1343 2668 toto
1363 2635 1411 2669 vel
1432 2635 1464 2668 in
1485 2641 1574 2679 parte
1608 2634 1743 2679 exprimi
1777 2634 1911 2679 possint.
1933 2634 1972 2669 Et
1989 2635 2030 2670 de

1277 2685 1455 2726 voluntate,
1479 2689 1607 2727 statuto,
1621 2683 1835 2727 ordinatione,
1857 2683 2030 2721 confirma·

2049 437 2164 458 canonibus
2189 443 2230 460 non

2025 472 2032 486 ν
2049 469 2164 489 contraria.

2077 999 2187 1020 Decretum
2203 1000 2233 1020 tr-

2048 1031 2126 1052 ritans.

2075 1486 2184 1508 clausulae
2194 1486 2233 1507 do-

2048 1518 2178 1545 rogatui-iae.

2085 2405 2226 2427 clausularum

2044 2439 2153 2466 repetitio.
