2237 3100
233 262 282 292 An.
300 263 329 291 C.
349 263 416 293 11160

246 1226 415 1247 erudit-uscer-

232 1263 252 1276 tu
264 1261 321 1277 tantu
331 1266 342 1276 11
355 1258 414 1278 :nudo

232 1290 326 1313 denegant
352 1294 414 1315 110450

234 1319 301 1338 declar
312 1323 332 1339 ιι.

242 1545 358 1565 ulan-utun
366 1545 414 1565 nub-

231 1576 291 1595 laur.⁴
296 1581 313 1595 111
347 1583 414 1603 appo-

229 1610 266 1627 mlv

225 2220 292 2243 pulsi,

299 2194 309 2205 u
322 2193 356 2205 «ιιε
380 2186 414 2205 110-

430 322 556 357 seatur,
583 326 652 357 seu,
679 315 704 350 si
732 315 907 356 videbitur,
929 315 1046 360 privari
1071 315 1179 359 possit.

429 370 493 404 Nec
513 370 579 403 ulla
593 370 691 403 huius
709 370 815 404 statuti
832 369 995 414 derogatio
1011 373 1067 402 aut
1079 379 1184 402 exem-

430 423 509 467 pito,
531 423 626 457 realis
645 424 693 457 vel
714 423 891 467 personalis
904 450 911 464 ,
935 433 989 456 seu
1006 422 1067 455 alia
1082 421 1183 465 gratia

431 476 674 519 praeservativa,
697 477 791 509 etiam
813 481 912 516 motu,
930 475 1062 509 scientia
1083 480 1113 508 et
1127 484 1184 519 po-

431 530 550 564 testatis
579 530 779 575 plenitudine
805 529 982 568 similibus,
1005 528 1184 573 quomodo·

430 583 506 617 libet
526 594 586 628 pro
606 590 751 628 tempore
769 584 850 616 facta
862 593 917 616 seu
934 592 1096 622 concessa,
1108 591 1184 615 con-

431 644 478 669 tra
512 637 687 682 praemissa
717 637 856 675 valeant,
883 646 943 669 nec
968 635 1121 678 magister
1153 640 1184 668 et

431 696 607 723 conventus
627 690 761 734 praefati
781 689 844 723 illis
864 700 978 734 parere
997 694 1181 729 teneantur;

431 744 504 783 sed,
528 743 590 775 illis
614 753 679 776 non
704 743 921 783 obstantibus,
945 742 983 776 de
1014 743 1180 786 prioratu,

431 796 598 837 baiulivia,
621 797 862 841 praeceptoria,
884 796 1048 840 dignitate,
1076 796 1182 829 officio

429 850 475 882 vel
496 850 667 890 beneficio,
690 850 734 883 sic
751 855 805 883 aut
822 861 880 893 per
894 850 1105 894 privationem
1125 850 1184 882 hu-

430 902 568 936 iusmodi
583 909 726 943 vacante,
741 903 827 936 iuxta
842 903 1056 936 stabilimenta
1077 908 1106 935 et
1121 903 1183 935 alia

430 956 616 998 praemissa,
638 956 738 989 libere
759 956 943 1000 disponere',
961 961 1016 989 aut
1035 956 1090 988 illa
1106 955 1183 988 alias

430 1019 488 1051 per
507 1019 581 1041 eum
602 1009 649 1042 vel
671 1020 737 1046 eos,
761 1010 798 1042 ad
820 1020 917 1053 quem
938 1020 993 1041 seu
1024 1019 1105 1051 quos
1125 1019 1182 1041 an-

429 1061 580 1095 tianitatis
601 1063 647 1095 vel
670 1063 732 1095 alio
753 1063 823 1096 iure
844 1063 994 1106 pertinet,
1021 1062 1181 1105 acceptari

428 1115 561 1157 possint.

473 1169 488 1211 ᾗ
505 1169 558 1201 74.
580 1168 795 1203 Decernentes
811 1169 1034 1213 praesentibus
1045 1175 1075 1202 et
1091 1170 1123 1202 in
1138 1170 1184 1203 eis

430 1222 587 1255 contentis
611 1224 778 1263 omnibus,
797 1223 923 1256 nonnisi
945 1224 1065 1256 eisdem
1087 1224 1183 1256 modo

430 1280 460 1307 et
480 1276 602 1313 fornia,
624 1277 742 1319 quihus
776 1277 807 1309 in
837 1277 936 1310 literis
962 1278 1092 1317 Leonis,
1116 1277 1184 1309 Cle-

430 1329 545 1361 mentis
571 1334 601 1362 et
624 1330 715 1362 Pauli
739 1331 1025 1374 praedeeessorum
1058 1330 1183 1374 praedi-

429 1386 554 1414 ctorum
581 1392 770 1415 concessum
797 1388 858 1422 est,
881 1384 1066 1416 nullatenus
1091 1383 1183 1416 dero·

428 1435 497 1473 ‚arari
518 1445 610 1477 posse
627 1446 686 1468 nec
706 1436 896 1479 derogatum
918 1437 1054 1469 censeri.

474 1488 488 1530 ἓ
508 1488 560 1521 75.
595 1489 631 1521 Et
654 1489 699 1522 sic
724 1489 754 1520 iu
779 1489 963 1532 praemissis
983 1490 1133 1523 omnibus
1153 1496 1184 1523 ct

429 1541 575 1584 singulis,
595 1553 651 1585 per
666 1553 890 1587 quoscumque
912 1543 1035 1576 iudices
1051 1550 1079 1576 et
1096 1554 1183 1577 com-

430 1594 610 1633 missarios,
634 1595 744 1639 quavis
777 1597 967 1629 auctoritate
993 1597 1178 1640 fungentes,

428 1655 491 1681 tam
517 1649 548 1681 in
574 1650 656 1682 dieta
682 1650 775 1683 Curia
797 1661 893 1693 quam
912 1655 999 1683 extra
1019 1661 1089 1684 eam
1123 1660 1181 1694 pro

429 1708 572 1745 tempore
597 1703 766 1746 deputatos
790 1703 928 1741 (sublata
953 1703 997 1735 eis
1017 1709 1045 1736 et
1067 1714 1180 1736 eorum

428 1755 558 1789 cuilibet
589 1756 699 1799 quavis
727 1757 805 1789 alias
830 1757 916 1789 circa
939 1757 1114 1800 praemissa
1136 1757 1182 1789 iu-

427 1808 553 1841 dicandi
579 1814 609 1841 et
629 1809 861 1853 interpretandi
889 1810 1039 1843 facultate
1068 1815 1098 1843 et
1123 1822 1181 1843 au—

427 1861 599 1905 ctoritate),
622 1862 757 1896 iudicari
783 1869 813 1897 et
837 1863 964 1896 definiri
985 1863 1122 1903 debete,
1145 1875 1181 1897 ac

427 1914 553 1948 irritum
574 1922 604 1948 et
624 1916 730 1953 inane,
754 1916 778 1949 si
795 1927 899 1955 500115,
918 1917 1182 1961 511110111111011115-

426 1969 468 2001 sis
487 1969 638 2002 omnihus
659 1976 685 2003 et
710 1970 856 2013 singulis,
875 1982 892 2003 a
908 1981 1086 2015 quoquam,
1104 1981 1181 2014 qua-

426 2022 471 2054 vis
504 2022 712 2061 auctoritate,
746 2023 884 2056 scienter
913 2025 959 2056 rel
982 2023 1178 2065 ignoranter,

428 2075 594 2118 eontigerit
617 2077 777 2109 attentari.

470 2129 485 2171 g
506 2128 558 2162 76.
586 2129 743 2168 Quocirca
763 2130 999 2164 venerabilibus
1030 2130 1180 2163 fratribus

429 2181 545 2214 nostris
570 2182 814 2227 archiepiscopo
839 2183 1040 2216 Toletanensi
1061 2188 1092 2216 et
1111 2183 1180 2227 epi-

427 2245 526 2279 scopo
546 2235 714 2269 parisiensi
735 2247 771 2270 ac
793 2247 851 2280 pro
873 2243 1018 2281 tempore
1035 2237 1178 2270 existenti

427 2287 541 2321 Curiae
561 2299 733 2322 causarum
750 2290 901 2323 Gamerae
913 2290 1115 2334 Apostolicae
1132 2301 1179 2322 re-

426 2341 512 2383 genti
533 2352 588 2374 seu
605 2343 747 2385 generali
763 2343 915 2383 auditori,
929 2354 987 2387 per
1002 2343 1179 2386 apostolica

426 2394 556 2437 scripta,
576 2401 664 2428 motu
683 2396 791 2436 simili,
810 2388 1001 2429 mandamus
1020 2400 1179 2439 quatenus

426 2441 486 2485 ipsi
506 2444 552 2476 vel
587 2444 650 2476 duo
676 2450 726 2477 aut
751 2456 834 2477 unus
854 2455 983 2483 eorum,
1006 2455 1063 2487 per
1078 2455 1109 2476 se
1130 2445 1176 2477 vel

427 2491 524 2523 alium
547 2503 601 2524 seu
623 2493 719 2532 alios,
742 2499 926 2537 praesentes
951 2494 1058 2525 literas
1091 2499 1122 2525 et
1146 2493 1177 2525 in

426 2540 471 2572 eis
495 2546 645 2574 contenta
661 2553 900 2585 quaecumque,
925 2542 978 2574 ubi
999 2547 1029 2574 et
1048 2543 1177 2585 quando

426 2599 508 2630 opus
520 2590 626 2629 1110111,
641 2601 679 2623 ac
693 2591 820 2633 quoties
837 2602 894 2634 pro
913 2596 1002 2635 parte
1020 2590 1174 2634 magistri,

427 2636 585 2680 priorum.
600 2639 828 2678 baiulivorum,
843 2645 1104 2683 praeceptorum,
1123 2639 1178 2670 mi-

1026 261 1205 287 mummium
1230 260 1381 285 ROMANUM

1225 314 1316 347 litum
1351 318 1381 346 et
1414 313 1548 346 fratrum
1580 311 1818 357 praedictorum
1845 323 1900 346 seu
1921 312 1979 346 ali-

1225 366 1318 400 cuius
1342 377 1455 400 eorum
1489 367 1629 411 desuper
1662 366 1781 400 fuerint
1809 366 1975 411 requisiti,

1225 419 1412 454 solemniter
1443 420 1656 464 publicantes,
1689 420 1799 464 eisque
1827 419 1859 452 in
1889 430 1979 463 prae-

1226 472 1329 506 missis
1353 473 1491 506 efficacis
1523 472 1720 506 defensionis
1746 472 1905 517 praesidio
1931 483 1980 507 as-

1225 526 1381 566 sistentes,
1405 526 1533 567 saciant,
1553 526 1741 559 auctoritate
1757 531 1879 567 nostra,
1894 537 1978 569 prae-

1225 585 1330 613 sentes
1350 579 1458 613 literas
1469 585 1500 613 et
1514 579 1546 612 in
1562 579 1607 613 eis
1622 585 1771 613 contenta
1791 579 1978 613 huiusmodi

1226 633 1361 666 firmiter
1381 633 1553 673 observari,
1575 644 1611 667 ac
1632 633 1786 677 singulos,
1801 644 1882 676 quos
1901 632 1979 676 ipsae

1224 693 1408 731 praesentes
1434 687 1544 720 literae
1565 691 1782 727 concernunt,
1806 686 1870 719 illis
1890 685 1978 730 paci-

1227 741 1285 774 fice
1302 740 1453 783 gaudere.
1477 740 1546 773 Non
1568 740 1788 783 permittentes
1809 751 1862 773 eos
1882 740 1978 773 desu-

1226 803 1283 837 per
1302 799 1414 827 contra
1434 793 1653 838 praesentium
1674 799 1818 827 tenorem
1839 803 1979 836 quomo-

1225 847 1345 881 dolibet
1374 847 1554 886 molestari,
1583 847 1834 880 contradictores
1867 851 1898 880 et
1929 856 1979 879 re-

1225 901 1324 934 belles
1352 901 1511 945 quoslibet
1545 912 1601 944 per
1629 911 1782 933 censuras
1806 906 1836 933 01
1859 910 1979 943 poenas

1225 954 1458 987 ecclesiasticas
1478 966 1515 988 ac
1534 954 1628 987 etiam
1650 953 1852 997 pecuniarias
1864 963 1977 987 eorum

1225 1008 1358 1041 arbitrio
1384 1008 1609 1048 moderandas,
1632 1019 1668 1041 ac
1690 1008 1750 1040 alia
1776 1007 1855 1040 iuris
1876 1017 1977 1040 reme-

1225 1062 1285 1099 dia,
1298 1061 1513 1105 appellatione
1529 1061 1716 1105 postposita,
1728 1061 1976 1104 compescend03

1225 1125 1261 1147 ac
1282 1125 1516 1156 quoscumque,
1539 1125 1678 1157 quorum
1702 1113 1860 1154 intererit,
1883 1113 1977 1146 etiam

1225 1178 1283 1211 per
1302 1167 1441 1200 edictum
1464 1167 1654 1210 publicum,
1678 1167 1756 1199 locis
1777 1166 1913 1210 publicis
1933 1166 1978 1199 af-

1226 1220 1403 1263 figendum,
1426 1221 1562 1254 eonstito
1583 1220 1759 1253 summarie
1775 1220 1814 1253 de
1831 1230 1895 1253 non
1910 1225 1979 1254 tuto

1225 1284 1371 1311 accessu,
1400 1274 1540 1313 citando,
1571 1285 1607 1307 nc
1641 1273 1758 1316 quibus
1792 1279 1819 1305 et
1855 1273 1980 1317 quoties

1226 1328 1435 1361 inhibendum
1460 1328 1566 1367 fuerit,
1589 1328 1683 1360 etiam
1707 1327 1802 1360 simili
1818 1327 1923 1360 edicto
1943 1337 1978 1360 ac

1225 1381 1284 1413 snb
1302 1381 1421 1413 eisdem
1442 1381 1553 1424 poenis
1564 1386 1593 1413 et
1610 1381 1766 1421 censuris,
1791 1380 1977 1419 inhibendo3

1225 1434 1373 1478 ipsasque
1389 1445 1542 1467 censuras
1558 1439 1586 1467 et
1604 1445 1724 1478 poenas
1749 1433 1979 1467 ecclesiasticas

1225 1487 1319 1519 etiam
1356 1488 1476 1521 iteratis
1498 1487 1620 1521 vicibus
1647 1488 1869 1531 aggravando,
1888 1488 1980 1520 invo-

1225 1546 1296 1573 cato
1314 1541 1408 1573 etiam
1430 1542 1467 1573 ad
1490 1542 1562 1577 lioe,
1586 1541 1609 1572 si
1631 1551 1713 1582 opus
1731 1541 1838 1579 suerit,
1860 1541 1978 1574 auxilio

1224 1593 1347 1626 brac-liii
1369 1594 1554 1627 saecularis.

1268 1646 1282 1687 ἓ
1313 1646 1364 1678 77.
1402 1647 1469 1679 Non
1496 1646 1696 1680 obstantibus
1726 1647 1908 1690 praemissis
1941 1659 1978 1682 ac

1224 1700 1298 1733 dieti
1315 1700 1468 1734 Bonisaeii
1485 1701 1752 1743 praedecessoris,
1770 1712 1833 1744 qua
1849 1706 1979 1735 cavetur

1226 1765 1264 1787 110
1285 1754 1356 1798 quis
1378 1760 1465 1787 extra
1485 1764 1575 1786 suain
1603 1754 1759 1786 civitatem
1781 1755 1828 1787 vel
1848 1754 1976 1788 dioece-

1224 1807 1295 1848 sim,
1319 1807 1378 1840 11151
1400 1808 1431 1840 111
1453 1807 1548 1840 certis
1568 1807 1709 1851 exeeptis
1729 1807 1868 1849 casibus,
1886 1814 1917 1842 et
1946 1809 1977 1841 in

1225 1861 1287 1894 illis
1308 1862 1390 1894 ultra
1412 1872 1507 1894 unam
1530 1861 1667 1894 diaetam
1685 1872 1701 1893 a
1718 1860 1782 1894 fine
1800 1873 1876 1895 suae
1892 1862 1979 1897 dioe-

1224 1914 1304 1948 cesis
1324 1915 1362 1948 ad
1383 1915 1539 1948 iudicium
1566 1921 1727 1955 evocetur,
1750 1925 1806 1948 seu
1832 1926 1872 1949 110
1897 1916 1979 1950 iudi-

1224 1980 1276 2002 ces
1297 1980 1314 2002 a
1334 1969 1414 2002 Sede
1437 1969 1577 2012 praefata
1598 1969 1739 2012 deputati
1761 1975 1848 2002 extra
1868 1970 1978 2003 civita-

1223 2028 1286 2055 tem
1322 2023 1368 2055 rel
1402 2022 1592 2057 dioecesim,
1619 2022 1649 2054 in
1684 2022 1802 2065 quibus
1835 2023 1978 2066 deputati

1224 2076 1360 2112 fuerint..
1398 2081 1509 2109 contra
1540 2086 1764 2118 quoscumque
1801 2076 1976 2119 procedere

1223 2135 1276 2162 ant
1311 2129 1363 2161 alii
1399 2130 1444 2162 vel
1479 2129 1549 2162 aliis
1574 2128 1657 2162 vices
1682 2140 1755 2162 suas
1776 2129 1976 2163 committere

1224 2188 1441 2225 praesumant,
1461 2188 1490 2215 et
1510 2183 1548 2215 de
1569 2182 1693 2214 duabus
1713 2182 1825 2215 diaetis
1844 2182 1876 2215 in
1898 2193 1976 2216 con-

1223 2235 1296 2268 cilio
1331 2236 1473 2278 generali
1507 2235 1602 2275 edita,
1639 2246 1674 2269 ac
1709 2235 1873 2279 quibusvis
1905 2236 1976 2269 aliis

1223 2289 1506 2322 constitutionilms
1522 2295 1551 2322 et
1572 2289 1829 2323 ordinationibus
1848 2294 1974 2333 aposto-

1224 2342 1303 2382 licis,
1326 2353 1452 2376 necnon
1474 2342 1549 2376 dicti
1570 2342 1750 2386 hospitalis,
1774 2343 1868 2376 etiam
1889 2342 1973 2376 iura-

1223 2401 1340 2435 mento,
1362 2396 1605 2429 confirmatione
1632 2396 1806 2439 apostolica
1831 2396 1878 2429 rel
1898 2407 1975 2440 qua-

1222 2444 1266 2476 115
1286 2444 1435 2477 111-11111310
1448 2445 1507 2477 alia
1522 2445 1691 2483 roboratis,
1714 2444 1837 2478 statutis
1852 2450 1975 2478 010011-

1221 2493 1457 2533 suetudinilms,
1479 2505 1516 2526 ac
1536 2494 1700 2537 quibusvis
1721 2493 1905 2536 privilegiis,
1927 2494 1974 2526 in-

1221 2542 1318 2574 dultis
1339 2547 1369 2575 et
1389 2542 1488 2576 literis
1509 2542 1703 2586 apostolicis,
1726 2543 1821 2575 etiam
1843 2543 1971 2576 ordina-

1221 2590 1276 2622 riis
1303 2591 1453 2634 praefatis
1479 2597 1508 2623 et
1532 2591 1697 2635 quibusvis
1722 2590 1884 2633 ecclesiis,
1907 2602 1936 2624 m
1965 2612 1971 2615 -

1221 2639 1380 2674 nasteriis.
1399 2640 1581 2674 Ordinibus.
1596 2639 1675 2673 locis
1690 2645 1721 2672 et
1739 2640 1898 2683 personis,
1915 2653 1972 2673 vn-

1995 259 2044 286 An.
2061 257 2091 286 C.
2108 258 2178 288 ⁴⁵60

2013 1660 2129 1682 Commu·
2140 1661 2178 1682 d·-

1993 1695 2059 1718 rogat.
