2237 3100
19 269 67 296 An.
83 269 111 296 C.
132 268 201 295 1570

62 813 200 834 Exci—ntorum

18 846 78 866 liuius
86 844 154 864 bullae
167 844 200 864 de-

19 878 106 905 putatio.

38 2103 148 2126 clausulae
158 2108 207 2125 con-

24 2136 135 2156 turiurum
167 2136 207 2157 de<

23 2168 151 2193 rogatoriae.

906 273 972 296 Pius
993 273 1010 295 V
1030 273 1077 295 Pr.

1662 263 1724 296 877

215 328 246 356 et
270 324 414 367 plenarie
445 324 655 367 reintegratas
687 335 767 364 esse,
798 325 907 368 sicque
934 325 972 358 ab
1018 325 1105 357 ribus
1122 333 1151 359 et
1167 325 1287 364 formis,
1299 337 1335 358 ac
1348 336 1421 358 cum
1438 326 1604 368 quibusvis
1616 326 1770 359 clausulis

215 371 366 404 omnibus
378 373 515 412 censeri,
526 378 555 406 et
570 373 610 405 ita
622 384 680 416 per
691 384 915 417 quoscumque
927 374 974 407 iu-

215 418 301 454 dices
322 427 349 454 el
372 422 629 462 commissarios,
650 423 760 465 quavis
781 423 972 456 auctoritate

216 470 398 513 fungentes,
421 471 545 503 sublata
571 471 616 503 eis
645 477 673 503 et
704 482 816 504 eorum
840 471 973 504 cuilibet

216 520 328 562 quavis
360 520 453 553 aliter
483 520 646 553 iudicandi
678 526 707 553 et
739 520 972 563 interpretandi

217 570 367 603 facultate
379 576 409 603 et
426 569 630 609 auctoritate,
650 569 787 602 iudicari
803 574 828 601 et
844 569 971 601 deliniri

216 618 347 658 debere,
361 630 398 652 ac
417 617 543 650 irritum
560 624 587 650 et
606 618 712 657 inane,
729 619 753 651 si
771 630 863 651 secus
877 631 974 664 super

216 666 266 699 his
285 678 303 700 a
318 677 496 710 quoquam,
515 667 626 710 quavis
645 667 849 707 auctoritaie,
869 669 973 701 scieu-

216 720 265 748 ter
282 717 332 748 vel
353 716 553 758 ignoranter,
576 716 747 758 contigerit
766 717 925 749 attentari.

260 766 275 808 ξ
296 765 327 798 5.
350 764 507 804 Quocirca
523 765 649 797 dilectis
670 765 744 797 filiis
765 766 882 798 nostris
903 767 973 799 Fla-

216 813 265 847 vio
286 813 401 847 Ursino
422 819 453 846 et
472 814 572 846 Paulo
597 813 637 846 ab
657 814 812 855 Ecclesia,
833 815 863 847 S.
881 816 917 848 R.
937 816 969 848 F..

217 862 410 907 presbyteris
456 862 692 903 cardinalibus,
735 869 765 895 et
803 875 973 897 causarum

215 912 331 946 Curiae
351 912 503 945 Gamerae
522 911 726 955 Apostolicae
747 913 889 956 generasti
917 924 973 947 au-

215 961 323 1002 ditori,
346 973 405 1006 per
424 966 610 1005 praesentes
642 966 732 994 motu
765 962 861 994 simili
883 974 974 995 man-

215 1010 330 1044 damus
344 1016 504 1055 quatenus
520 1010 581 1054 ipsi
596 1011 643 1043 vel
659 1010 723 1043 duo
742 1017 795 1044 aut
811 1022 895 1044 unus
923 1024 973 1045 eo-

216 1072 302 1102 rum,
325 1071 383 1104 per
403 1071 435 1094 se
454 1061 504 1093 vel
524 1060 623 1093 alium
646 1071 699 1093 seu
716 1061 807 1101 alios,
823 1072 975 1104 praesen-

216 1109 394 1143 teslitteras
414 1114 444 1143 et
458 1109 547 1142 ineis
565 1114 716 1142 contenta
731 1121 972 1154 quaecumque,

216 1159 273 1192 ubi
286 1165 316 1193 et
337 1159 466 1203 quando
485 1170 567 1203 opus
587 1160 696 1199 suerit,
719 1171 755 1193 ac
773 1160 900 1204 quoties
917 1173 974 1205 pro

216 1214 306 1253 parte
327 1209 489 1242 dictorum
510 1209 744 1242 canonicorum
762 1221 819 1242 seu
837 1210 976 1244 alicuius

217 1268 332 1291 eorum
353 1258 472 1291 suerint
492 1257 651 1301 requisiti,
667 1258 854 1290 solemniter
872 1259 976 1302 publi-

216 1312 338 1348 cantes,
360 1306 470 1350 eisque
491 1307 524 1339 in
545 1306 731 1350 praemissis
750 1307 890 1341 efficacis
918 1309 975 1341 de-

216 1356 371 1390 fensionis
389 1356 550 1400 praesidio
569 1356 764 1396 assistentes,
786 1357 902 1389 saciant
918 1369 975 1391 au-

217 1405 362 1439 ctoritate
383 1412 492 1439 nostra
512 1411 687 1448 praesentes
702 1405 824 1439 litteras
836 1411 867 1439 et
880 1406 912 1439 in
931 1407 977 1440 eis

217 1460 369 1488 contenta
387 1465 615 1498 quaecumque
640 1454 777 1487 firmiter
800 1455 973 1497 observari,

216 1514 282 1537 non
302 1504 527 1548 permittentes
547 1514 602 1537 eos
621 1514 678 1536 seu
696 1514 809 1537 eorum
835 1505 976 1549 aliquem

220 1553 361 1598 desuper
391 1559 504 1587 contra
533 1554 726 1586 earumdem
755 1555 975 1598 praesentium

217 1607 365 1636 tenorem
377 1602 624 1647 quomodolibet
635 1602 777 1636 indebite
798 1604 974 1641 molestari2

219 1653 977 1697 contradictoresquoslibetetrebellespercen-

218 1712 310 1735 suras
324 1708 353 1735 et
366 1713 487 1746 poenas
506 1702 748 1742 ecclesiasticas,
761 1703 977 1746 appellatione

218 1751 406 1795 postposita,
438 1751 688 1795 compescendo,
711 1762 850 1792 necnon,
873 1752 977 1794 legiti-

218 1801 279 1834 mis
299 1811 398 1844 super
422 1800 473 1834 liis
493 1800 650 1834 habendis
671 1801 801 1834 servatis
822 1802 978 1844 processi-

219 1850 292 1891 bus,
316 1861 470 1884 censuras
490 1855 521 1883 et
540 1860 662 1894 poenas
681 1850 767 1893 ipsas
787 1850 883 1883 ctiam
918 1850 977 1883 ite-

219 1900 296 1933 ratis
316 1899 439 1933 vicibus
468 1899 690 1942 aggravando,
713 1899 861 1933 invocato
882 1900 977 1933 etiam

220 1949 260 1982 ad
284 1949 358 1990 hoc,
394 1949 420 1981 si
454 1959 537 1993 opus
569 1949 678 1990 fuerit,
701 1949 820 1982 auxilio
854 1950 976 1983 brachii

220 1999 406 2032 saecularis.

265 2048 279 2092 ξ
300 2047 330 2081 6.
354 2048 423 2081 Non
449 2047 650 2081 obstantibus
689 2047 791 2081 felicis
825 2049 978 2082 recorda-

220 2096 318 2130 tionis
337 2097 493 2130 Bonisacii
513 2098 618 2141 Papae
639 2097 753 2138 octavi,
787 2098 979 2141 praedeces-

221 2147 303 2180 soris
323 2147 440 2188 nostri,
453 2147 503 2185 Vde
523 2157 600 2187 una,
623 2152 653 2179 et
674 2146 804 2180 concilii
820 2149 980 2190 generalis

221 2196 260 2229 de
281 2196 406 2229 duabus
427 2196 551 2237 diaetis,
577 2196 755 2229 dummodo
776 2197 848 2239 quis
871 2198 979 2241 vigore

221 2245 442 2289 praesentium
453 2246 537 2278 ultra
550 2250 613 2278 tres
633 2245 755 2278 diaetas
767 2246 805 2278 ad
822 2245 979 2280 iudicium

221 2305 286 2328 non
302 2295 461 2335 trahatur;
479 2305 516 2328 ac
529 2294 645 2328 litteris
660 2295 777 2328 nostris
792 2296 977 2339 praedictis,

221 2355 302 2388 quas
322 2344 452 2377 eosdem
473 2343 648 2377 canonicos
668 2343 768 2387 ligare
793 2345 980 2378 nullatenus

222 2404 315 2438 posse
335 2394 496 2431 volu1nus3
520 2403 557 2426 ac
577 2392 743 2436 quibusvis
763 2393 833 2425 aliis
853 2399 980 2437 aposto-

223 2442 292 2476 licis
336 2441 620 2475 constitutionibus
656 2447 687 2474 et:
706 2442 978 2483 ordinationibus3

222 2497 350 2520 necnon
367 2486 543 2529 quibusvis,
569 2486 664 2519 etiarn
686 2486 879 2528 iuramento,
901 2498 979 2521 con-

224 2531 406 2564 firmatione
444 2530 622 2575 apostolica
656 2531 706 2563 vel
739 2531 848 2575 quavis
881 2531 982 2564 sirmi-

224 2581 286 2609 tate
306 2575 368 2608 alia
395 2575 567 2616 roboratis,
608 2575 734 2608 statutis
771 2581 802 2609 et
841 2586 980 2610 consue-

223 2620 409 2660 tudinibus,
432 2620 607 2664 privilegiis
627 2631 776 2664 quoque,
798 2620 931 2654 indultis
951 2627 981 2655 et

224 2665 339 2702 litteris
348 2664 544 2710 apostolicis,
552 2665 612 2699 sub
623 2664 886 2710 quibuscumque
895 2671 981 2700 teno-

1016 379 1046 406 et
1080 374 1229 414 decretis,
1265 375 1297 407 in
1331 384 1449 417 genere.
1470 375 1517 407 vel
1539 374 1571 406 in
1606 375 1713 418 specie
1734 387 1770 409 ac

1016 423 1093 457 alias
1114 423 1145 455 in
1166 424 1365 457 contrarium
1380 424 1623 468 quomodolibet
1642 436 1771 458 conces>

1016 473 1068 512 sis,
1093 473 1292 506 confirmatis
1313 479 1341 506 et
1368 473 1536 506 innovatis.
1557 473 1679 512 Quibus
1700 485 1770 507 om-

1017 522 1123 561 nibus,
1147 522 1271 555 etiamsi
1292 523 1331 556 de
1352 523 1398 555 eis
1418 534 1598 566 eorumque
1619 523 1693 556 totis
1723 529 1770 556 ts·-

1017 571 1150 604 noribus
1184 571 1344 615 specialis,
1381 572 1531 616 speeilica
1561 578 1591 605 et
1625 583 1772 617 expressa

1017 621 1148 657 mentio,
1174 631 1230 653 seu
1264 621 1394 664 quaevis
1427 621 1490 654 alia
1519 622 1680 665 expressio
1714 623 1771 655 lia-

1017 669 1132 707 benaa,
1151 675 1203 702 aut
1230 670 1337 713 aliqua
1359 671 1419 703 alia
1440 671 1597 713 exquisita
1614 671 1717 704 forma
1733 673 1771 705 ad

1016 718 1077 750 lioc
1113 719 1267 751 servanda
1289 721 1382 759 soret,
1415 726 1544 754 tenores
1571 720 1771 761 huiusmodi,

1017 777 1053 799 ac
1074 767 1098 799 si
1120 768 1157 800 de
1178 768 1275 800 verbo
1300 769 1338 800 ad
1360 769 1507 809 verbum,
1530 769 1611 802 nihil
1646 770 1774 813 penitus

1017 816 1148 853 omisso,
1172 822 1203 849 et
1232 817 1336 850 forma
1366 817 1398 850 in
1428 818 1490 850 illis
1519 818 1634 850 tradita
1662 818 1772 851 obser-

1017 870 1096 905 vata,
1134 865 1242 898 inserti
1265 867 1380 906 torent,
1403 866 1523 899 eisdem
1550 867 1774 910 praesentibus

1017 924 1076 956 pro
1108 914 1306 947 sufficienter
1339 915 1498 959 expressis
1517 915 1682 955 habentes,
1713 915 1775 948 illis

1017 962 1094 994 alias
1115 963 1147 995 in
1168 974 1226 996 suo
1244 963 1360 996 robore
1382 964 1614 1007 permansuris,
1630 965 1691 998 hac
1708 965 1773 998 vice

1018 1012 1193 1052 dumtaxat,
1217 1012 1400 1055 specialiter
1420 1018 1447 1045 et
1471 1024 1617 1056 expresse
1643 1014 1774 1058 deroga-

1019 1071 1113 1101 mus,
1146 1061 1318 1093 contrariis
1349 1061 1625 1105 quibuscumque.
1659 1063 1721 1095 Aut
1750 1064 1773 1095 si

1018 1109 1193 1153 aliquibus,
1231 1110 1450 1142 communiter
1484 1111 1531 1143 vel
1566 1111 1704 1151 divisim,
1736 1113 1775 1145 ab

1018 1160 1201 1203 Apostolica
1227 1160 1263 1192 sit
1287 1160 1367 1193 Sede
1389 1160 1550 1192 indultum
1572 1161 1658 1204 quod
1680 1161 1777 1195 inter—

1018 1209 1094 1249 dici,
1109 1209 1263 1252 siisljvendi
1275 1210 1323 1242 vel
1336 1211 1610 1243 excommunicari
1624 1222 1688 1244 non
1705 1223 1776 1256 pos-

1019 1257 1081 1290 sint
1100 1269 1159 1302 per
1178 1257 1300 1291 litteras
1320 1258 1513 1301 apostolicas
1538 1270 1602 1292 non
1623 1260 1776 1294 facientes

1019 1307 1147 1350 plenam
1170 1313 1198 1340 et
1217 1318 1399 1351 expressam
1421 1319 1457 1340 ac
1478 1308 1515 1340 de
1537 1309 1633 1342 verbo
1657 1310 1695 1342 ad
1710 1321 1777 1343 ver-

1019 1357 1097 1389 bnm
1119 1357 1157 1390 de
1178 1357 1303 1390 indulto
1320 1357 1507 1390 huiusmodi
1528 1359 1737 1392 mentionem.

1063 1407 1077 1449 ἓ
1098 1407 1128 1439 7.
1153 1407 1309 1440 Volumus
1328 1412 1436 1439 autem
1455 1408 1542 1450 quod
1557 1409 1776 1451 praesentium

1019 1455 1231 1499 transumptis
1251 1461 1308 1489 cle.

1063 1505 1176 1537 Datum
1208 1505 1327 1538 Romae
1353 1505 1438 1548 apud
1468 1504 1500 1538 S.
1532 1505 1683 1546 Petrum,
1718 1507 1777 1540 sub

1020 1551 1141 1582 annulo
1161 1549 1345 1590 piscatoris,
1368 1549 1418 1582 die
1440 1560 1493 1582 x111
1512 1549 1694 1583 decembris
1709 1552 1778 1584 mil-

1020 1599 1132 1632 lesimo
1154 1598 1413 1642 quingentesimo
1428 1598 1676 1642 septuagesimo,
1695 1611 1776 1644 pon-

1020 1648 1161 1681 titicatus
1181 1648 1282 1681 nostri
1303 1658 1388 1680 anno
1404 1658 1434 1680 v.

1041 1702 1103 1731 Dat.
1128 1702 1174 1732 dic
1195 1702 1230 1731 «18
1254 1702 1318 1732 dec⁴
1344 1702 1432 1739 1570,
1457 1702 1561 1741 pontis.
1586 1712 1663 1732 anno
1686 1712 1713 1733 v.

1327 1844 1482 1878 CLXXIX.

1020 1929 1233 1973 Privileyiunz
1268 1930 1514 1973 praecedentiae
1550 1931 1776 1963 canonicorum

1067 1980 1263 2022 ressularium
1288 1980 1548 2023 conqreyatiom's
1577 1980 1779 2012 Laleranen-

1065 2033 1120 2073 sis,
1155 2032 1291 2066 Ordinis
1315 2032 1350 2066 S.
1382 2033 1572 2076 Augsustini,
1595 2037 1672 2066 ante
1698 2033 1779 2065 alios

1067 2093 1276 2125 quoscumque
1295 2082 1470 2125 reflatur-es,
1487 2083 1693 2125 postrlcrzmc
1712 2092 1779 2114 sac-

1066 2132 1204 2164 ratiorem
1234 2131 1258 2163 ¹.

1112 2211 1175 2240 Pius
1194 2211 1335 2248 episcopus
1355 2218 1450 2240 servus
1467 2218 1609 2240 servorum
1625 2211 1682 2245 Dei,

1188 2267 1222 2294 ad
1240 2265 1364 2295 futuram
1383 2266 1425 2295 rei
1443 2265 1613 2295 memoriam.

1065 2337 1146 2371 Cum
1178 2349 1216 2372 ex
1237 2338 1394 2372 Ordinum
1415 2338 1634 2379 universitate,
1657 2339 1713 2384 qui
1748 2340 1779 2373 in

1022 2386 1077 2420 Dei
1096 2388 1238 2421 Ecclesia
1274 2388 1494 2432 reperiuntur,
1517 2388 1571 2422 illa
1599 2395 1778 2422 castrorum

1024 2438 1105 2471 aciei
1122 2443 1341 2482 comparetur,
1360 2437 1446 2470 illius
1462 2443 1568 2472 autem
1583 2439 1779 2482 gubernium

1061 2515 1069 2541 1
1090 2513 1165 2547 Quae
1183 2514 1250 2540 lianc
1268 2514 1413 2548 respiciunt
1429 2515 1660 2548 congregationem
1677 2515 1739 2542 vide
1756 2515 1780 2541 in

1024 2553 1154 2581 Pasclialis
1172 2554 1194 2581 11
1219 2554 1415 2581 constitutione
1430 2561 1511 2586 xxix,
1529 2555 1646 2588 Quanto,
1669 2559 1733 2581 tom.
1751 2563 1780 2586 ιι,

1023 2603 1082 2630 pag.
1092 2595 1154 2621 2116.
1171 2594 1244 2621 Etde
1259 2594 1445 2629 praecedentia
1457 2601 1517 2620 cum
1534 2594 1670 2621 monachis
1685 2594 1711 2621 S.
1732 2594 1780 2621 Be-

1027 2635 1136 2667 nedicti,
1153 2635 1364 2669 congregationis
1376 2634 1549 2668 cassinensis,
1558 2634 1781 2663 extatdeclaratio

1023 2675 1060 2704 Pii
1072 2676 1106 2705 lV
1115 2675 1207 2703 ineius
1218 2677 1302 2702 const.
1317 2682 1374 2709 xm,
1385 2675 1466 2708 Sedis,
1479 2683 1538 2711 pag.
1551 2675 1602 2703 275
1614 2675 1694 2703 huius
1705 2676 1777 2708 tomi,

1786 272 1834 298 Λιι.
1853 272 1881 299 Ο
1904 271 1970 298 1570

1824 1429 1974 1457 Transiit-upto-

1792 1467 1836 1482 rum
1853 1462 1912 1482 fides.

1821 2352 1944 2373 Protrmiuni
