2237 3100
74 229 122 256 An.
141 229 168 256 C.
186 229 252 256 ¹565

91 1146 171 1168 vicinis
186 1148 248 1167 etiam

68 1179 170 1199 [dirimire
180 1178 250 1199 inleu-

154 1211 250 1230 [tvvm-nit

65 1241 117 1261 alia.-
127 1242 207 1261 ricinos
216 1241 250 1261 do-

65 1280 116 1297 mus,
132 1276 172 1293 tam
185 1272 250 1292 toa-:iri

65 1304 138 1324 solitas

72 1342 119 1359 mn,
156 1336 249 1356 vendere

64 1367 155 1392 «lehem

65 1211 129 1235 tibus,

190 1309 249 1330 ΚΙΙΙἌΙῙῚ

932 229 1000 254 PIUS
1023 229 1053 253 IV
1077 228 1125 253 ΡΡ.

267 283 323 322 sic,
341 282 397 316 ubi
417 293 529 316 sensus
549 283 608 316 erit
623 284 671 317 vel
689 283 849 317 ridebitur
866 294 933 317 esse
953 284 1013 317 du-

266 337 358 377 bius,
381 347 509 380 semper
529 337 560 369 in
581 337 683 370 dictae
703 336 796 370 Urbis
816 338 955 370 favorem
985 342 1015 370 et

266 395 416 423 ornatum
441 389 651 432 intelligatur,
674 390 852 435 accipiatur
871 395 901 423 et
920 390 1015 423 inter-

266 449 429 487 pretetur,
451 455 488 477 ac
508 444 662 487 intelligi,
683 444 785 489 accipi
806 450 837 478 et
856 445 1014 488 interpre-

265 496 337 538 tari,
360 503 390 530 et
414 497 457 530 ita
476 508 493 530 a
511 498 689 531 camerario
710 503 739 531 et
760 498 919 541 magistris
934 509 1015 541 pra)-

266 550 346 590 fatis,
364 551 396 584 in
416 551 522 584 causis
542 562 651 585 eoram
669 552 714 585 eis
733 552 942 592 vertentibus,
964 551 1014 584 iu-

265 605 365 638 dicari
386 610 416 638 et
436 605 562 638 definiri
584 606 708 645 debeam
725 606 839 649 iusque
861 605 966 649 ipsum
983 604 1014 637 in

264 659 365 692 literis
384 663 415 692 et
433 660 598 704 rescriptis
618 660 787 704 praefatis,
810 659 835 693 si
856 670 937 703 opus
957 659 1012 699 sit,

265 713 447 754 favorabile,
460 719 644 746 nouantem
665 713 812 747 odiosum
839 713 878 746 sit
898 718 928 746 et
948 724 1015 747 esse

263 771 453 807 censeatur3
480 772 511 800 et
543 767 638 800 etiam
659 768 698 800 ad
720 768 869 801 effectum
890 767 1014 810 praefa-

263 825 331 853 tum
353 831 445 854 casus
465 821 592 854 dicatur
611 823 867 865 comprehensus
880 848 887 862 ‚
910 821 1016 864 potius

262 884 359 917 quam
390 880 552 913 extensus,
583 886 789 918 quacumque
824 875 1015 918 interpreta-

262 927 369 968 tione,
392 938 488 961 sensu
502 955 509 969 ,
532 928 741 972 intelligentia
755 957 762 970 ,
785 929 937 973 opinione
962 933 1017 961 aut

262 981 325 1014 alia
359 992 394 1014 re
427 981 459 1014 in
484 983 683 1016 contrarium
702 983 946 1027 quomodolibet
970 982 1015 1014 fa-

263 1035 368 1068 ciente
387 1046 454 1068 non
473 1035 631 1070 obstante.

308 1089 323 1132 ᾗ
342 1089 396 1122 10.
428 1089 606 1130 Praeterea,
628 1100 667 1123 ne
701 1091 859 1124 fabricare
893 1099 1015 1132 suaque

264 1142 410 1175 aedificia
439 1143 477 1175 ad
502 1143 595 1177 Urbis
615 1150 765 1177 ornatum
785 1144 942 1189 ampliare
962 1153 1015 1176 vo-

264 1196 379 1237 lentes,
396 1202 529 1241 propter
549 1196 611 1230 loci
631 1198 805 1239 defectum,
821 1209 894 1231 cum
916 1197 1016 1230 inter-

265 1249 342 1282 dum
372 1249 485 1283 domos
509 1251 627 1284 vicinas
650 1251 749 1284 locari
779 1252 908 1292 solitas,
938 1262 1017 1295 quas

265 1303 322 1343 eis,
339 1303 447 1347 vigore
464 1304 630 1337 literarum
642 1305 894 1348 praedictarum,
909 1316 1016 1338 emere

264 1350 370 1398 liceat,
391 1368 456 1391 non
475 1358 630 1399 habeant,
653 1369 708 1392 seu
730 1359 845 1392 domus
864 1359 950 1403 ipsae
971 1360 1015 1392 vi-

265 1411 356 1445 cinae
376 1422 394 1444 a
409 1411 550 1455 propriis
570 1411 698 1445 illarum
720 1413 858 1447 dominis
878 1414 937 1447 sint
958 1414 1016 1447 ha-

264 1464 394 1506 bitatae,
422 1476 440 1498 a
460 1476 518 1499 suo
538 1466 704 1510 proposito
725 1466 964 1504 abstrahantur.
987 1473 1015 1500 et

264 1528 329 1551 non
363 1518 506 1563 possint,
533 1524 666 1564 propter
698 1520 778 1553 situs
817 1521 992 1554 carentiam
1007 1548 1014 1562 ,

265 1572 401 1606 fabricas
422 1578 452 1606 et
471 1573 588 1617 palatia
613 1573 676 1607 sive
696 1574 827 1613 domos,
850 1581 885 1608 ut
905 1575 1014 1613 aiunt,

264 1627 472 1670 requadrare,
494 1627 566 1661 ideo
588 1634 741 1662 statutum
757 1628 832 1661 dieti
845 1628 1015 1672 Sixtiprze-

264 1680 441 1714 decessoris
461 1690 558 1725 super
577 1681 747 1715 domorum
778 1683 877 1716 locari
908 1683 1015 1716 solita-

264 1744 337 1767 rum
368 1734 507 1768 dominis
523 1735 562 1768 ad
583 1735 712 1769 illarum
733 1737 949 1770 venditionem
970 1737 1015 1768 vi-

263 1788 336 1821 cino
356 1799 412 1822 seu
433 1789 545 1822 vicinis
566 1789 717 1830 fabricae,
740 1790 939 1833 domumque
960 1801 1015 1822 seu

263 1841 375 1874 domos
403 1853 477 1875 suas
496 1843 652 1887 ampliare
681 1844 873 1884 volentibus,
896 1843 1015 1876 sacien-

263 1895 336 1928 dam
358 1896 602 1941 compellendis,
620 1903 655 1930 ut
667 1898 859 1942 praefertur,
879 1897 1013 1937 editum,

264 1950 302 1982 ad
323 1961 546 1994 quascumque
570 1951 698 1992 domos,
718 1952 850 1991 hortos,
874 1958 1013 1990 terrena,

263 2003 359 2037 etiam
381 2015 440 2048 per
459 2004 608 2048 proprios
624 2016 737 2039 eorum
758 2006 907 2039 dominos
928 2007 1016 2039 inha-

263 2057 358 2091 bitari
392 2058 503 2099 solita,
524 2069 600 2092 casu
633 2070 698 2103 quo
727 2059 874 2093 videlieet
893 2060 1016 2093 vicinus

263 2111 417 2155 palatium
439 2118 491 2145 aut
513 2112 652 2157 aliquam
675 2114 781 2156 magni
803 2114 957 2147 momenti
974 2115 1016 2146 fa-

262 2164 398 2208 bricam,
421 2166 571 2207 domum,
595 2167 725 2200 hortum
759 2177 815 2200 seu
850 2173 1014 2201 terrenum

262 2218 356 2252 vicini
376 2230 393 2253 a
413 2220 541 2254 duobus
570 2220 723 2253 lateribus
753 2221 792 2254 ad
825 2221 931 2254 minus
953 2221 1015 2254 cir-

263 2273 490 2315 cumdantem,
514 2280 544 2308 et
564 2274 679 2307 domus
692 2302 699 2315 ,
723 2274 807 2307 horti
828 2276 875 2308 rel
897 2275 1014 2308 terreni

264 2327 423 2361 convicini
437 2328 576 2372 pretium
594 2339 651 2361 seu
671 2329 812 2361 valorem
833 2329 1014 2373 quadruplo

264 2382 483 2423 excedentem,
519 2382 715 2415 inchoaverit
735 2393 789 2415 seu
826 2382 1013 2415 inchoatum

263 2432 420 2475 perficere
439 2432 572 2465 voluerit
587 2458 594 2471 ‚
617 2431 710 2465 etiam
731 2432 756 2465 si
777 2432 856 2465 tales
876 2432 991 2465 domus
1004 2460 1011 2473 ,

263 2482 347 2515 horti
377 2488 409 2516 ct
435 2487 575 2523 terrena,
593 2482 782 2524 quorumvis
803 2483 1013 2516 monasterio-

264 2541 348 2572 rum,
367 2531 577 2565 ecclesiarum
592 2532 639 2564 vel
655 2531 861 2575 hospitalium
874 2532 921 2564 vel
934 2532 1013 2565 alio-

265 2591 337 2613 rum
358 2581 486 2624 piorum
506 2581 652 2613 locorum
667 2606 674 2619 ‚
697 2584 783 2613 extra
799 2585 905 2613 tamen
927 2587 1014 2624 septa

267 2629 556 2670 monasteriorum,
579 2629 788 2663 ecclesiarum
813 2635 868 2663 aut
887 2629 1014 2673 piorum

1699 216 1762 249 389

1057 283 1204 315 locorum
1229 279 1437 321 huiusmodi,
1459 278 1616 322 dictisque
1646 285 1807 313 monaste-

1057 336 1112 369 riis
1141 342 1178 377 et
1198 335 1268 368 aliis
1296 334 1375 368 loeis
1404 333 1465 378 piis
1493 333 1627 366 minime
1658 334 1807 377 contigua

1057 391 1209 430 existant,
1232 389 1274 422 ita
1302 388 1388 432 quod
1417 393 1570 421 statutum
1597 387 1673 420 Sixti
1695 388 1807 421 huius—

1057 444 1164 484 modi,
1190 454 1255 477 non
1285 444 1388 476 solum
1418 441 1449 474 in
1483 441 1583 474 locari
1614 441 1805 481 sedetiam,

1057 508 1132 531 casu
1168 497 1352 540 praedicto,
1376 496 1407 529 in
1441 506 1499 538 per
1528 495 1676 539 proprios
1694 506 1806 528 eorum

1057 550 1204 583 dominos
1223 551 1360 583 habitari
1394 549 1495 583 solitis
1523 549 1688 591 domibus,
1706 549 1808 582 hortis

1057 610 1087 638 et,
1117 605 1265 643 terrenis,
1287 605 1396 638 locum
1426 602 1557 636 omnino
1579 603 1695 636 habeat
1719 609 1749 636 et
1769 602 1807 635 ad

1058 669 1200 701 unguem
1221 657 1382 691 observari
1404 657 1527 690 debeat.
1551 658 1593 689 Ac
1614 656 1734 689 domini
1751 657 1808 689 do-

1059 723 1208 751 morum,
1230 712 1399 744 hortorum
1434 716 1465 743 et
1491 715 1696 744 terrenorum
1722 710 1809 754 ipso-

1058 776 1143 803 rum,
1161 765 1255 798 etiam
1278 776 1336 809 per
1356 776 1410 798 eos
1429 765 1659 804 habitatorum,
1682 764 1721 797 ad
1742 763 1811 797 illo-

1058 830 1131 851 rum
1160 819 1376 852 venditionem
1403 819 1508 851 vicino
1534 829 1590 851 seu
1616 817 1727 851 ricinis
1746 817 1809 850 hu-

1061 872 1197 905 iusmodi
1220 872 1373 906 fabricam
1387 878 1573 905 construere
1586 883 1641 904 seu
1653 871 1810 916 perficere

1059 927 1174 959 volenti
1196 938 1251 960 seu
1272 927 1470 967 volentibus,
1494 932 1520 959 et
1544 925 1639 959 etiam
1660 926 1692 957 in
1714 926 1809 958 domo

1059 980 1243 1013 fabricanda
1263 992 1319 1014 seu
1341 980 1523 1024 amplianda
1543 990 1607 1012 non
1637 978 1810 1012 habitanti-

1060 1035 1118 1067 bus
1138 1045 1198 1067 nec
1218 1034 1363 1067 habitare
1381 1034 1491 1074 solitis,
1512 1044 1570 1077 per
1595 1032 1807 1066 camerarium

1059 1092 1088 1120 et
1108 1088 1278 1131 magistros
1296 1088 1419 1120 riarum
1441 1087 1612 1130 praefatos,
1631 1097 1689 1130 pro
1707 1086 1809 1130 pretio

1059 1141 1270 1182 aestimando,
1289 1146 1317 1174 et
1330 1142 1402 1185 plus
1414 1141 1537 1174 decima
1559 1141 1645 1173 illius
1661 1146 1762 1185 parte,
1780 1145 1810 1172 et

1059 1194 1137 1227 alias
1167 1195 1253 1228 iuxta
1280 1194 1446 1228 literarum
1468 1194 1544 1227 Sixti
1564 1199 1595 1227 et
1614 1193 1727 1227 Leonis
1751 1193 1811 1225 hu-

1060 1249 1198 1283 iusmodi
1227 1250 1362 1282 formam
1385 1255 1415 1282 et
1434 1254 1595 1289 tenorem,
1616 1248 1807 1287 faciendam,

1059 1303 1192 1337 arbitrio
1218 1303 1379 1336 dictorum
1401 1302 1569 1335 camerarii
1590 1308 1620 1335 et
1640 1302 1809 1345 magistro-

1060 1368 1145 1397 rum,
1168 1368 1226 1400 per
1246 1368 1315 1394 eos,
1340 1357 1435 1390 etiam
1453 1367 1550 1389 manu
1572 1356 1671 1399 regia,
1695 1356 1764 1399 cogi
1780 1360 1811 1388 et

1060 1411 1210 1454 compelli
1232 1411 1365 1455 possint.

1102 1465 1190 1508 g‘ll.
1214 1465 1250 1497 Et.
1279 1465 1412 1509 insuper
1448 1464 1525 1497 Sixti
1554 1464 1810 1508 praedecessoris

1059 1524 1211 1552 statutum
1237 1519 1275 1552 ad
1297 1518 1443 1552 casalena
1457 1519 1636 1562 perplures
1654 1528 1712 1562 pro
1730 1518 1810 1551 indi-

1058 1573 1123 1605 viso
1145 1583 1303 1616 possessa,
1326 1578 1355 1605 et
1378 1572 1409 1604 in
1438 1572 1614 1604 maximum
1645 1572 1737 1605 Urbis
1758 1572 1811 1605 de-

1060 1627 1245 1659 trimentum
1278 1627 1471 1670 11›ler1unque
1499 1626 1605 1658 diruta
1636 1626 1683 1658 vel
1708 1625 1811 1659 disco-

1060 1687 1181 1724 operta,
1205 1681 1246 1713 ita
1266 1680 1352 1723 quod
1370 1679 1429 1723 ipsi
1447 1690 1560 1712 omnes
1581 1685 1745 1712 consortes
1761 1690 1811 1712 eo-

1059 1734 1196 1767 rundem
1219 1734 1442 1766 easalenorum
1460 1743 1661 1777 possessores
1677 1733 1810 1766 addicta

1060 1788 1206 1821 casalena
1226 1788 1472 1821 restaurandum
1494 1793 1522 1820 et
1540 1787 1805 1832 cooperiendum,

1058 1853 1094 1875 ac
1116 1842 1193 1874 inibi
1222 1842 1449 1884 magistrorum
1480 1842 1697 1884 praefatorum
1723 1842 1808 1874 arhi-

1058 1895 1120 1928 trio
1145 1895 1383 1936 fabricamlum,
1404 1896 1463 1936 vel,
1482 1896 1506 1928 si
1519 1901 1549 1928 et
1568 1901 1664 1940 prout
1688 1895 1807 1929 eisdem

1059 1950 1218 1993 magistris
1238 1950 1354 1983 melius
1378 1949 1555 1990 videbitur,
1579 1960 1644 1983 uno
1664 1950 1713 1983 rel
1734 1949 1808 1993 plu-

1060 2003 1147 2036 ribus
1171 2003 1316 2048 ipsorum
1343 2003 1542 2037 consortium
1573 2003 1730 2036 fabricare
1759 2014 1809 2035 vo-

1058 2058 1134 2091 lenti
1167 2068 1223 2091 scu
1255 2057 1457 2098 volentibus,
1494 2057 1610 2100 reliqui
1645 2062 1808 2091 consortes

1058 2111 1214 2144 fabricare
1235 2112 1380 2145 nolentes
1399 2112 1446 2144 vel
1464 2111 1659 2151 differentes,
1677 2111 1715 2143 ad
1736 2121 1808 2143 suas

1058 2165 1221 2208 portiones
1251 2165 1392 2198 consorti
1417 2166 1464 2198 vel
1486 2165 1690 2198 consortibus
1709 2164 1807 2197 fabri-

1058 2230 1131 2253 care
1159 2220 1275 2252 volenti
1310 2230 1366 2253 seu
1391 2219 1588 2260 volentibus,
1620 2230 1679 2264 pro
1704 2218 1807 2263 pretio

1057 2285 1114 2317 per
1147 2274 1268 2318 peritos
1289 2274 1500 2313 aestimando⁷
1536 2273 1755 2311 vendendum2
1779 2278 1808 2306 et

1057 2338 1189 2361 consors
1223 2340 1279 2362 seu
1315 2334 1479 2361 consortes
1509 2328 1667 2361 fabricare
1700 2328 1808 2361 volens

1057 2393 1113 2416 scu
1154 2383 1315 2423 volentes,
1354 2383 1392 2415 ad
1427 2382 1592 2426 portiones
1629 2381 1808 2426 praedictas

1057 2431 1248 2472 emendum,
1277 2438 1330 2465 aut
1361 2432 1385 2465 si
1410 2432 1519 2464 nullus·
1544 2431 1687 2475 ipsorum
1714 2431 1808 2464 fabri-

1057 2492 1130 2515 care
1150 2482 1301 2522 voluerit,
1333 2481 1392 2525 ipsi
1414 2492 1525 2514 omnes
1545 2481 1584 2514 ad
1610 2481 1694 2513 dicta
1723 2491 1808 2513 casa-

1056 2531 1128 2564 lcna
1156 2530 1259 2564 vicino
1288 2542 1343 2564 seu
1372 2530 1483 2563 vicinis
1509 2530 1681 2563 domorum
1708 2529 1808 2562 eonti-

1055 2574 1193 2624 guarum
1221 2591 1279 2624 pro
1308 2581 1428 2623 pretio,
1460 2584 1493 2612 ut
1514 2580 1706 2623 praefertur,
1727 2578 1807 2611 {rsti-

1057 2630 1186 2671 mando,
1209 2630 1423 2671 vendendum3
1446 2640 1483 2663 ac
1507 2629 1591 2664 idem
1612 2629 1732 2662 vicinus
1751 2638 1807 2661 seu

1823 226 1871 252 Λη.
1891 225 1918 251 C.
1940 226 2007 253 1565

1851 1473 2006 1501 numquamne

1824 1507 1868 1526 vari
1887 1507 1969 1526 maudut
1988 1512 2006 1525 in

1825 1536 1938 1561 easalouizg
