2237 3100
45 241 93 270 An.
111 241 140 269 C.
158 240 226 268 1⁸65

240 288 332 322 ritate
356 294 387 322 et
405 292 516 322 tenore
527 288 712 332 praedictis,
736 291 944 324 concedimus
964 296 994 323 et

239 342 438 376 innovamus.

284 396 299 439 ξ
319 395 373 429 11.
396 395 431 428 Et
447 401 625 440 praeterea,
645 397 730 440 quod
744 397 775 430 in
792 398 993 431 monasteriis

54 455 79 492 ‘¹¹¹
91 454 224 493 tommendffj
240 449 315 482 dicti
325 449 464 490 Ordinis,
483 460 565 493 quae
582 450 712 483 diversis
729 452 874 494 personis
885 452 991 494 (etiam

43 488 225 550 ἓῖηἶῗεῖῦεὲῗιὲἷ
239 503 264 536 si
285 503 440 547 episcopi,
464 503 713 548 archiepiscopi,
736 506 939 548 patriarchae
964 511 993 539 et

43 548 225 601 3¹2⁶}ssssssssssss
239 557 270 590 S.
293 557 329 590 R.
352 557 386 590 E.
411 557 590 591 cardinales
611 558 757 597 existant)
773 559 811 591 de
832 560 992 603 praesenti

43 610 226 664 ξῧξξξξξῗᾞῑ·
239 611 464 644 commendata
482 621 549 644 esse
570 612 788 656 reperiuntur,
810 618 839 645 et
856 613 888 645 in
904 613 991 645 futu-

42 673 126 711 ιαμ-υ,
142 676 164 694 et
178 672 222 694 sus-
239 675 311 697 rum
327 665 561 704 commendari,
584 676 639 698 seu
661 666 737 699 alias
761 667 993 709 quoquomodo

41 707 224 762 {ssssssssfflssm‘
238 718 320 759 aliis,
342 729 439 762 quam
463 718 589 752 Ordinis
618 719 720 763 ipsius
749 720 895 764 personis
915 731 991 753 con-

238 771 308 805 cedi
329 771 506 815 continget,
528 772 583 805 ubi
604 783 669 805 non
682 773 789 813 fuerit,
808 773 994 806 instituatur

238 836 348 858 mensa
382 825 601 859 conventualis
635 826 674 859 ab
703 826 852 859 abbatiali
882 838 993 860 mensa

237 879 383 913 distincta
403 885 433 913 et
455 885 612 923 separata,
648 891 723 913 cum
748 881 864 913 annuis
883 880 992 914 fructi-

236 932 308 973 bus,
334 932 514 966 redditibus
533 938 561 967 et
574 934 793 977 proventibus,
816 934 902 967 iuxta
922 945 991 967 mo-

236 985 452 1019 nasteriorum
473 986 619 1031 ipsorum
640 987 808 1020 facultates
821 1015 828 1028 ,
866 999 993 1031 compe-

236 1039 377 1073 tentibus
397 1046 426 1073 et
455 1040 610 1081 honestis,
634 1051 692 1085 pro
720 1041 892 1074 sufficienti
914 1052 991 1075 con-

235 1097 349 1126 ventus
369 1097 399 1126 et
432 1104 644 1127 monacorum
680 1093 886 1138 aliorumque
914 1095 990 1128 reli-

235 1145 400 1189 giosorum
421 1146 564 1180 eiusdem
585 1146 712 1180 Ordinis
731 1157 882 1188 numero,
905 1148 937 1181 in
958 1160 992 1181 u-

234 1208 409 1243 noquoque
434 1209 472 1232 ex
499 1199 577 1243 ipsis
603 1199 807 1233 monasteriis
827 1211 885 1244 per
904 1201 991 1245 ipsos

234 1252 419 1295 generalem
440 1257 471 1285 et
491 1257 614 1286 ceteros
629 1252 757 1286 Ordinis
771 1253 873 1297 ipsius
893 1264 990 1299 supe-

233 1304 335 1338 riores
354 1309 410 1338 aut
433 1316 547 1339 eorum
567 1305 702 1340 vicarios
722 1306 915 1347 ordinando,
951 1308 990 1341 ad

233 1369 330 1402 quam
346 1369 491 1392 mensam
503 1359 547 1392 sie
562 1359 791 1393 instituendam
813 1371 990 1404 congruos-

231 1422 295 1457 que
320 1412 465 1446 redditus
484 1413 692 1457 assignandos
706 1413 768 1458 ipsi
785 1415 990 1448 commenda-

230 1465 303 1498 tarii
323 1465 457 1499 omnino
471 1471 655 1508 teneantur,
674 1467 754 1500 etad
769 1467 800 1499 id
821 1467 915 1501 etiam
930 1479 989 1511 per

192 1519 211 1536 ⁰
231 1528 385 1553 censuras
405 1520 650 1563 ecclesiasticas,
672 1521 852 1562 fructuum,
879 1522 987 1555 reddi-

230 1577 323 1607 tuum
353 1578 384 1607 et
411 1580 626 1619 proventuum
661 1575 932 1619 sequestrationes
958 1582 989 1609 et

230 1625 293 1659 alia
312 1632 497 1671 opportuna
515 1628 596 1662 iuris
616 1628 757 1662 remedia
774 1629 845 1672 cogi
865 1629 988 1673 possint

230 1684 261 1713 et
284 1679 431 1714 debeant.

274 1734 290 1778 ἓ
308 1734 362 1768 12.
385 1735 423 1768 Et
433 1735 520 1780 quia,
539 1735 623 1770 sicut
636 1737 833 1782 accepimus,
853 1739 885 1772 in
902 1740 986 1773 niul-

55 1795 214 1834 lzdisiosivat-
228 1790 269 1823 tis
284 1790 361 1823 dicti
381 1789 520 1831 Ordinis,
542 1796 606 1824 tam
635 1791 779 1825 virorum
801 1804 898 1837 quam
918 1805 987 1827 mu-

30 1829 106 1880 :32:21
128 1827 360 1885 fflss'iflierum,
396 1845 602 1878 monasteriis
622 1847 834 1890 quamplures
868 1848 986 1881 Mendi-

28 1891 213 1943 fffifflgfflmeig
229 1896 372 1931 cantium
393 1903 424 1931 et
444 1898 582 1932 aliorum
607 1898 764 1933 Ordinum
790 1900 931 1944 religiosi
950 1914 985 1935 u·

29 1953 156 2005 {fflsfflffl'
179 1953 211 1974 ¹³·
227 1948 373 1996 triusque
407 1944 522 1993 sexu‘S,
558 1953 598 1986 ab
626 1953 875 1987 immemorabili
904 1961 984 1988 tem-

90 2001 94 2006 ’
226 2018 307 2054 pore
327 2008 408 2042 citra
431 2019 463 2042 se
488 2008 691 2042 intruserunt
710 2014 741 2042 et
760 2019 915 2054 persaepe
935 2009 984 2043 in-

225 2062 358 2096 trudere
378 2068 603 2106 praesumunt,
629 2063 717 2106 quod
750 2063 795 2096 illi
829 2064 877 2096 vel
911 2063 985 2098 inde

226 2117 357 2151 realiter
377 2122 408 2150 et
427 2126 502 2149 cum
523 2117 639 2150 effectu
661 2116 844 2157 eiiciantur,
862 2118 910 2150 vel
927 2118 985 2151 sal-

225 2176 290 2205 tem
311 2170 458 2203 habitum
484 2169 567 2203 infra
590 2180 712 2203 annum
737 2170 925 2214 suscipiant,
947 2182 984 2205 ac

225 2224 436 2270 professionis
455 2223 613 2268 regularis
633 2224 776 2257 eiusdem
797 2224 984 2258 Cistercien-

227 2280 269 2313 sis
289 2279 417 2314 Ordinis
446 2289 595 2323 expresse
619 2277 790 2317 emittant,
826 2278 983 2312 debitam—

226 2343 291 2377 que
310 2332 527 2366 obedientiam
549 2336 580 2365 et
594 2332 806 2365 reverentiam
824 2332 910 2365 illius
925 2333 981 2366 ab·

225 2386 291 2420 bati
306 2387 449 2431 generali
462 2390 493 2420 et
509 2385 644 2429 reliquis
659 2385 883 2429 superioribus
892 2397 983 2431 prae-

226 2436 299 2470 fatis
325 2440 499 2481 praestent;
530 2446 567 2468 ac
592 2435 734 2468 divinum
755 2435 910 2476 officium,
932 2448 981 2470 se-

228 2485 371 2519 cundum
391 2484 493 2530 ipsius
513 2484 641 2518 Ordinis
650 2495 786 2521 morem,
805 2485 979 2527 celebrent,

227 2545 326 2579 seque
351 2535 555 2578 regularibus
575 2534 644 2568 eius
678 2533 830 2567 institutis
849 2535 981 2569 omnino

228 2585 442 2618 conforment.

272 2635 287 2680 ἓ
306 2634 359 2668 13.
396 2634 538 2668 Uniones
572 2639 692 2675 autem,
729 2635 927 2669 annexiones
952 2640 983 2668 et

923 239 951 262 ΡΙ
955 239 990 263 t's
1013 238 1044 262 n·
1067 238 1104 261 PP
1109 255 1114 260 .

1677 225 1740 259 ε263
1802 240 1851 265 An.
1871 240 1898 266 c.
1921 240 1987 266 ¹365

1843 299 1936 320 [niones
1965 304 1986 320 ει

1035 288 1312 333 incorporationes
1350 299 1385 321 ac
1420 287 1663 332 suppressiones
1683 293 1711 319 et
1733 298 1786 320 ex·
1907 332 1910 335 y

1036 343 1206 376 tinctiones
1230 342 1499 375 monasteriorum
1534 346 1565 373 et
1583 340 1787 384 prioratuum
1802 335 1986 382 {fi'fnss‘essfss'ssnffi‘r}

1035 396 1177 429 eiusdem
1212 395 1339 429 Ordinis
1357 424 1363 436 ‚
1400 400 1454 427 aut
1488 395 1652 427 fructuum
1672 421 1679 434 ,
1714 394 1786 427 red·
1803 397 1920 420 ”ewam-

1035 450 1160 483 (lituum
1182 455 1210 482 et
1232 454 1446 493 proventuum
1468 447 1611 487 illorum,
1634 448 1787 481 dismem-

1035 503 1206 539 brationes,
1217 509 1245 536 et
1258 503 1337 536 locis
1348 503 1430 539 aliis.
1443 501 1693 546 quamtumlibet
1713 501 1786 545 piis,

1035 557 1278 600 applicationes,
1297 562 1327 589 et
1347 556 1427 589 aliae
1459 555 1589 599 quaevis
1614 560 1788 599 perpetuae

1036 610 1164 643 illorum
1177 610 1385 643 alienationes
1401 609 1597 652 cuicumque
1613 608 1704 641 alteri
1716 609 1788 642 loco

1035 675 1071 696 ex
1091 663 1201 706 quavis
1212 674 1307 696 causa
1323 668 1624 707 quantumcumque
1640 662 1786 703 honesta,

1035 717 1161 759 urgenti
1188 717 1424 756 etnecessaria,
1457 716 1577 760 absque
1607 715 1738 760 speciali
1759 722 1790 750 et

1035 781 1184 813 expresso
1215 770 1358 803 eiusdem
1388 770 1511 803 abbatis
1538 769 1697 813 generalis
1730 780 1789 814 pro

1035 829 1179 867 tempore
1200 823 1362 856 existentis
1391 834 1563 863 consensu,
1586 823 1618 856 in
1639 823 1787 868 scriptis,

1035 887 1196 919 causaque
1228 876 1318 919 prius
1338 887 1355 909 a
1390 877 1532 921 capitulo
1561 877 1712 920 praefatis
1740 878 1788 910 vel

1035 929 1112 962 alias
1128 930 1186 962 rite
1208 930 1346 972 cognita,
1370 929 1465 962 etiam
1479 940 1603 973 pernos
1623 934 1654 962 et
1672 929 1787 963 Sedem

1034 983 1244 1027 praedictam,
1268 983 1363 1015 etiarn
1384 983 1422 1016 de
1434 984 1569 1016 fratrum
1581 983 1729 1023 consilio,
1751 994 1789 1016 ac

1034 1036 1073 1069 ad
1093 1036 1293 1080 quorumvis,
1316 1036 1410 1069 etiam
1422 1036 1637 1080 imperatoris,
1659 1047 1786 1080 regum,

1034 1089 1231 1133 reginarum,
1254 1091 1374 1123 ducum
1387 1096 1415 1123 et
1428 1090 1567 1123 aliorum
1589 1090 1786 1134 principum,

1034 1143 1227 1183 instantiam,
1248 1143 1401 1187 deinceps
1417 1144 1603 1176 nullatenus
1622 1143 1693 1177 fieri
1713 1154 1788 1188 pos-

1033 1197 1108 1236 sint;
1122 1203 1153 1230 et
1164 1197 1188 1229 si
1209 1197 1302 1230 aliter
1322 1198 1409 1237 fiant,
1430 1197 1552 1230 nullius
1573 1198 1705 1230 omnino
1726 1198 1789 1230 sint

1032 1250 1159 1284 roboris
1176 1278 1183 1291 ,
1204 1262 1310 1294 neque
1331 1251 1415 1285 Ordo
1441 1251 1575 1296 eiusque
1604 1251 1789 1295 superiores

1033 1310 1060 1338 et
1082 1316 1239 1349 personae
1260 1305 1413 1349 praefatis
1428 1305 1528 1339 literis
1547 1306 1688 1350 desuper
1713 1316 1788 1339 con-

1031 1359 1178 1392 ficiendis
1199 1360 1331 1393 obedire
1352 1360 1499 1393 debeant.

1075 1413 1090 1456 §
1110 1413 1163 1446 ¹14.
1186 1414 1219 1446 In
1235 1413 1289 1446 -his
1307 1424 1395 1453 vero,
1408 1424 1491 1457 quae
1507 1414 1664 1447 hactenus
1684 1413 1785 1454 unita,
1829 1430 1924 1451 ‚mm-1„
1947 1433 1987 1453 de-

1031 1477 1153 1499 annexa
1174 1472 1205 1499 et
1232 1467 1436 1511 incorporata
1457 1468 1589 1500 fuerunt.
1603 1493 1610 1507 ‚
1644 1471 1788 1500 servetur
1803 1466 1876 1487 μω
1898 1463 1918 1483 ³²¹
1939 1469 1987 1484 '¹²⁰‘

1801 1494 1901 1514 nasteriis
1921 1495 1985 1515 unitis

1030 1520 1176 1563 praecise
1196 1520 1300 1553 forma
1320 1520 1520 1564 singularum
1541 1520 1709 1553 literarum
1735 1531 1786 1554 su-
1802 1525 1848 1545 ³¹i=⁵
1869 1526 1908 1551 riis
1933 1526 1985 1546 ¹ocis

1030 1583 1089 1616 per
1108 1573 1158 1605 his
1179 1573 1366 1613 unionibus,
1390 1573 1708 1618 incorporationibus
1727 1585 1785 1608 seu
1800 1560 1933 1607 {3¹:3¹5ssssssoe
1947 1557 1984 1608 {2¹}

1030 1625 1302 1670 applicationibus
1339 1633 1392 1660 aut
1419 1627 1489 1660 aliis
1522 1627 1785 1672 quibuscumque
1800 1623 1905 1671 3223?
1922 1618 1983 1639 ΜΝΞ

1029 1679 1293 1723 dispositionibus
1330 1681 1564 1724 expeditarum.
1600 1681 1644 1714 Ita
1676 1686 1784 1715 tamen

1029 1733 1116 1776 quod
1155 1734 1306 1767 monachi
1344 1735 1376 1768 in
1415 1735 1550 1778 singulis
1582 1735 1786 1769 monasteriis

1028 1786 1215 1820 huiusmodi
1248 1788 1400 1831 degentes
1416 1816 1423 1829 ,
1457 1790 1519 1823 sint
1540 1795 1570 1823 et
1596 1795 1783 1824 remaneant

1029 1841 1088 1874 sub
1109 1841 1291 1875 obedientia
1312 1848 1343 1875 et
1362 1844 1565 1878 correctione
1585 1845 1709 1877 abbatis
1728 1855 1783 1887 ge-

1028 1896 1156 1938 neralis,
1193 1897 1398 1942 aliorumque
1431 1899 1637 1943 superiorum
1657 1898 1784 1933 Ordinis

1027 1951 1246 1986 Cisterciensis
1265 1954 1506 1997 praedictorum
1531 1958 1560 1987 et
1587 1964 1720 1987 suorum
1740 1953 1784 1986 vi-

1027 2007 1190 2041 cariorum
1211 2008 1243 2041 in
1264 2008 1418 2041 omnibus
1438 2012 1467 2040 et
1488 2017 1546 2051 per
1570 2007 1698 2048 omnia,
1725 2019 1782 2052 pe-

1026 2061 1118 2095 rinde
1147 2073 1184 2095 ac
1204 2062 1229 2095 si
1249 2062 1398 2102 uniones,
1416 2062 1612 2095 annexiones
1627 2067 1658 2095 et
1677 2062 1783 2095 incor-

1025 2116 1211 2161 porationes
1239 2116 1425 2149 huiusmodi
1461 2126 1526 2148 non
1553 2122 1780 2156 emanassent,

1026 2169 1120 2203 etiarn
1142 2170 1167 2203 si
1191 2170 1224 2203 in
1244 2170 1308 2203 illis
1328 2170 1421 2202 aliter
1441 2175 1619 2210 caveretur,
1643 2174 1671 2202 et
1694 2180 1781 2209 usus,

1025 2235 1089 2257 non
1109 2230 1217 2258 tamen
1246 2235 1263 2257 a
1283 2229 1429 2268 tempore
1448 2223 1697 2256 immemorabili
1717 2251 1724 2264 ‚
1747 2230 1783 2257 ut

1025 2278 1218 2322 praefertur,
1233 2278 1415 2311 contrarius
1431 2277 1582 2318 obtineat,
1601 2288 1683 2321 quae
1700 2289 1781 2311 con-

1024 2337 1073 2366 tra
1092 2333 1269 2377 praesentis
1285 2332 1391 2366 statuti
1408 2337 1553 2365 tenorem
1574 2332 1697 2365 nemini
1714 2333 1780 2366 suf-

1024 2387 1200 2430 fragentur.

1068 2436 1155 2480 §15
1192 2437 1370 2475 Postremo,
1402 2436 1489 2478 quod
1509 2435 1618 2468 nullae
1647 2435 1780 2468 alterius
1822 2448 1923 2469 unum„
1945 2451 1979 2470 ai.

1023 2485 1151 2519 Ordinis
1171 2486 1347 2525 moniales,
1371 2485 1546 2518 abbatissas
1566 2485 1779 2517 monasterio·
1795 2481 1875 2537 sssu‘jfljo
1892 2480 1977 2538 ⁰¹¹?ss

1024 2546 1095 2568 rum
1119 2535 1307 2568 monialium
1329 2535 1406 2568 dieti
1426 2534 1553 2568 Ordinis
1573 2534 1704 2573 assumi,
1732 2534 1778 2567 vel
1794 2544 1874 2577 vasam
1894 2544 1913 2563 in
1939 2543 1977 2579 ai»-

1024 2583 1049 2617 si
1069 2590 1275 2617 assumantur
1294 2584 1326 2617 in
1357 2583 1477 2617 eisdem
1504 2582 1706 2616 monasteriis
1727 2593 1777 2615 re·
1793 2573 1882 2626 {ffiff
1914 2574 1974 2595 ΜΨ

1024 2633 1088 2677 cipi
1109 2634 1244 2677 possint,
1277 2634 1337 2667 nisi
1357 2633 1488 2667 illorum
1514 2632 1700 2666 immediato
1719 2642 1776 2676 pa-
