2237 3100
417 294 601 333 opportuna
612 289 691 322 iuris
711 295 741 322 et
752 289 825 322 sacti
838 289 979 321 remedia
991 287 1167 332 procedere

415 342 595 385 diligenter,
617 353 810 386 omnemque
832 353 963 386 operam
989 348 1016 375 et
1053 341 1168 374 sollici-

416 396 559 430 tudinem
605 397 759 429 adhibeas
802 402 833 428 ut
876 396 1096 429 inobedientes
1139 402 1165 429 et

416 457 633 489 contumaces,
658 461 714 494 per
734 451 949 494 exemplarem
970 462 987 483 a
1009 456 1036 483 te.
1057 456 1167 483 contra

415 515 469 537 eos
489 504 1002 543 faciendamanimadversionem‚
1025 516 1042 537 a
1055 504 1167 537 simili-

414 558 473 590 bus
501 558 661 590 abstinere
688 557 821 590 discant.
854 558 944 597 Quod
980 564 1013 591 ut
1043 558 1168 591 facilius

414 612 526 654 exequi
548 612 673 649 valeas,
699 611 822 644 bracliii
843 623 973 656 quoqne
994 613 1168 645 saecularis

413 664 581 704 auxilium,
600 664 623 697 si
645 675 727 708 opus
743 665 850 701 suerit,
873 665 912 698 ad
938 666 998 698 lioc
1021 665 1167 699 invocare

414 718 552 757 curabis,
581 729 678 761 super
693 718 973 761 quibusoninilius
989 725 1016 751 et
1033 719 1168 762 singulis

413 771 468 804 tibi
485 772 627 815 plenam,
651 772 785 804 liberam
807 777 837 805 et
857 772 1078 805 omnimodam
1111 784 1169 816 per

413 825 540 858 easdem
552 831 737 869 praesentes
749 826 933 859 facultatem
958 827 1168 860 concedimus

413 885 440 911 et
463 885 665 923 potestatem.

457 932 519 975 §3
543 933 610 966 Non
650 933 851 967 obstantibus
884 934 1168 967 constitutionibus

267 995 398 1031 obstantium
413 992 442 1019 et
463 986 721 1019 ordinationibus
755 987 940 1029 apostolicis
978 988 1166 1031 statutisque

215 1028 329 1053 d⁰s⁰²³³¹'⁰‘
412 1045 442 1072 et
458 1040 758 1079 consuetudinibus,
771 1041 867 1074 etiam
883 1042 1077 1081 iuramento,
1093 1053 1167 1075 con-

412 1093 593 1127 firmatione
614 1094 789 1137 apostolica
817 1095 867 1127 vel
886 1095 997 1137 quavis
1017 1095 1167 1128 firmitate

412 1148 473 1181 alia
493 1148 664 1188 roboratis,
679 1148 855 1192 privilegiis
864 1160 1008 1193 quoque,
1036 1149 1167 1183 indultis

413 1207 441 1234 et
463 1202 575 1235 litteris
592 1202 777 1246 apostolicis
793 1203 970 1245 quibusvis,
985 1204 1163 1247 quomodo-

413 1256 487 1289 libet
509 1256 682 1296 concessis,
702 1257 901 1290 confirmatis
922 1263 951 1290 et
977 1258 1105 1300 saepius
1121 1258 1166 1290 in-

412 1310 544 1343 novatis.
568 1309 690 1349 Quibus
715 1311 878 1346 omnibus.
907 1322 1019 1344 eorum
1040 1317 1168 1345 tenores

413 1362 635 1406 praesentibus
655 1374 715 1407 pro
728 1364 926 1397 sufficienter
938 1366 1097 1408 expressis
1113 1366 1167 1398 lia-

412 1417 536 1457 bentes,
547 1417 609 1450 illis
625 1416 702 1450 alias
714 1417 746 1450 in
758 1428 816 1450 suo
838 1418 954 1451 robore
976 1429 1166 1462 permansu—

413 1471 468 1510 ris,
494 1470 554 1504 hac
579 1470 645 1504 vice
666 1471 848 1513 dumtaxat,
871 1472 1051 1515 specialiter
1066 1478 1095 1506 et
1115 1485 1167 1507 ex-

412 1535 520 1567 presse
540 1524 745 1568 derogamus,
773 1526 963 1569 caeterisque
999 1528 1168 1561 contrariis

412 1578 682 1623 quibuscumque.

456 1632 471 1675 g
491 1632 522 1665 4.
546 1633 701 1666 Volumus
721 1639 829 1667 autem
845 1635 931 1678 quod
950 1636 1167 1679 praesentium

413 1686 636 1729 transumptis,
654 1686 749 1719 etiam
774 1686 940 1732 impressis
965 1693 1022 1721 etc.

457 1739 571 1772 Datum
607 1740 727 1773 Romae
761 1741 847 1784 apud
876 1742 907 1775 S.
941 1742 1082 1782 Petrum,
1110 1744 1169 1776 sub

413 1793 534 1825 annulo
544 1793 726 1834 piscatoris,
738 1794 788 1827 die
804 1805 855 1827 ΧΠ
872 1795 1168 1833 ianuariinncxvni,

414 1846 620 1889 pontificatus
638 1848 739 1881 nostri
761 1859 845 1881 anno
870 1859 903 1882 11.

445 1905 508 1936 Dat.
523 1906 569 1936 die
589 1907 625 1936 14
644 1907 769 1937 ianuarii
787 1908 872 1943 11:368,
889 1909 988 1948 pontis.
1006 1920 1081 1940 anno
1099 1920 1127 1941 11.

219 234 268 262 An.
287 236 314 263 C.
335 235 402 263 1568

246 1661 396 1688 Transumpto-

214 1699 256 1713 rum
274 1693 331 1713 tides.

1010 236 1192 261 BULLARIUM
1210 235 1363 261 ROMANUM

1979 236 2027 264 An.
2047 237 2075 265 C.
2098 237 2164 266 ¹568

1210 298 1319 320 amore
1344 293 1469 331 captus,
1502 298 1562 322 nec
1588 289 1647 322 sibi
1670 295 1793 323 tantum
1814 290 1880 331 illa,
1909 290 1963 323 sed
1979 299 2056 320 tratres
2079 299 2116 320 sub
2138 306 2164 320 u-

1210 341 1640 384 quamplurimishominum
1657 341 1725 375 fieri
1738 348 1853 386 potest,
1867 354 1964 387 quae·
1978 330 2112 387 &anagnia
2121 332 2164 353 ⁰⁰¹⁶

1211 394 1266 427 sita
1289 394 1435 438 cupiens,
1461 400 1610 439 totusque
1626 395 1658 427 in
1680 395 1820 440 idipsum
1837 397 1964 430 incum-

1211 449 1301 487 bens,
1313 460 1395 492 quae
1411 448 1538 481 Ordinis
1550 448 1708 481 Minorum
1720 448 1809 482 initia
1821 450 1964 491 fuerunt,

1211 504 1412 536 confluentes
1425 503 1464 535 ad
1488 513 1521 535 se
1540 502 1637 535 veluti
1652 503 1691 535 ad
1710 503 1878 536 meliorem
1903 505 1966 537 sru-

1210 567 1281 599 gem
1309 556 1452 599 undique
1478 556 1591 590 fratres
1607 567 1682 589 suos
1702 556 1734 589 in
1755 567 1852 590 unam
1873 558 1965 591 fami-

1211 610 1284 642 liam
1295 610 1433 653 collegit,
1442 610 1660 654 collectosque
1669 611 1812 654 ipsorum
1821 611 1966 646 omnium

1211 664 1304 696 vitam
1325 669 1352 696 et
1376 674 1482 697 mores
1501 664 1540 696 ad
1562 675 1659 696 unam
1677 665 1888 708 eamdemque
1904 665 1966 699 Re-

1210 718 1317 757 gulam
1339 717 1489 761 dirigens,
1511 717 1550 750 iis
1565 719 1746 762 praeceptis
1766 718 1913 759 instituit,
1930 729 1967 752 ea

1210 770 1380 813 disciplina
1405 771 1563 811 formavit,
1590 782 1673 815 quae
1699 772 1738 805 ad
1762 772 1966 806 coniunctio-

1210 835 1283 857 nem
1310 830 1406 868 atque
1427 825 1508 858 adeo
1523 824 1677 858 unionem
1698 825 1782 859 inter
1801 826 1874 860 illos
1889 837 1966 860 con-

1210 878 1381 911 ciliandam
1397 890 1434 911 ac
1447 879 1599 912 tuendam
1611 878 1747 912 maxime
1756 880 1966 924 pertinerent,

1210 931 1426 965 humilitatem
1440 932 1503 965 illis
1520 932 1695 976 praecipue
1708 934 1966 977 amplectandam

1210 996 1408 1029 proponens,
1431 997 1494 1029 qua
1514 986 1657 1019 humana
1682 986 1760 1020 haec
1792 987 1901 1022 omnia
1937 992 1968 1021 et

1210 1040 1306 1080 fluxa,
1336 1040 1420 1083 quod
1442 1039 1587 1073 eiusdem
1607 1040 1777 1074 Salvatoris
1796 1041 1967 1075 consilium

1210 1094 1325 1133 suerat,
1339 1094 1513 1137 aspernati,
1528 1094 1661 1127 solidani
1673 1105 1709 1127 ac
1723 1100 1967 1137 permanentem

1210 1160 1224 1180 a
1240 1147 1303 1180 Deo
1317 1147 1502 1181 felicitatem
1525 1154 1739 1192 expectarent.
1764 1149 1885 1192 ltaque,
1907 1150 1967 1184 hac

1211 1201 1277 1244 ipsa
1299 1201 1418 1234 familia
1449 1212 1523 1233 suas
1540 1212 1655 1244 operas
1674 1202 1714 1234 ad
1734 1202 1967 1246 praescriptam

1210 1254 1368 1287 rationem
1393 1254 1531 1297 graviter
1547 1255 1746 1296 conferente,
1763 1255 1890 1288 Domini
1913 1256 1968 1290 Dei

1210 1308 1309 1341 nostri
1339 1318 1412 1351 ager
1439 1307 1566 1351 egregie
1593 1309 1699 1342 cultus
1730 1308 1914 1343 uberrimos
1937 1315 1968 1343 et

1210 1362 1502 1406 praestantissimos
1522 1362 1647 1395 fructus
1655 1363 1810 1396 continuo
1821 1364 1967 1408 protulit,

1210 1421 1239 1448 et
1265 1415 1400 1449 subinde
1430 1416 1564 1460 profert,
1594 1420 1702 1460 atque,
1725 1422 1760 1450 ut
1785 1428 1964 1460 speramus,

1211 1470 1351 1513 proferet
1374 1470 1405 1502 in
1425 1469 1504 1505 dies.
1527 1469 1689 1504 suaviores
1709 1476 1740 1503 et
1763 1471 1930 1514 largiores.

1254 1524 1269 1566 ξ
1302 1523 1327 1556 l.
1360 1524 1489 1564 Verum,
1517 1524 1672 1567 quoniam
1689 1524 1801 1558 eadem
1832 1525 1964 1567 familia,
2003 1546 2165 1568 Seddietane-

1210 1588 1293 1620 quae
1326 1588 1387 1610 una
1414 1577 1453 1610 ab
1482 1587 1548 1610 uno
1578 1577 1750 1612 constituta
1784 1579 1900 1621 fuerat,
1934 1580 1966 1614 in
1981 1578 2166 1635 ξζῑζὲῐῑξῦὸξξζῐζξζ

1211 1631 1366 1674 quasdam
1387 1631 1479 1675 quasi
1509 1636 1616 1675 partes
1635 1632 1789 1676 paulatim
1815 1633 1858 1666 ita
1887 1645 1966 1668 con·
1981 1625 2094 1667 segregaia
2110 1641 2156 1662 fuit

1212 1685 1317 1725 cessit,
1342 1690 1375 1717 ut
1396 1684 1457 1717 iam
1484 1695 1548 1717 non
1570 1696 1645 1725 una,
1667 1695 1708 1718 ne
1729 1686 1800 1730 ipso
1820 1687 1963 1730 quidem,

1211 1749 1276 1782 quo
1297 1744 1425 1789 adiatre
1448 1749 1505 1771 suo
1525 1744 1636 1772 vocata
1657 1744 1714 1779 est,
1735 1740 1867 1774 nomine
1888 1751 1966 1775 con-

1212 1792 1310 1833 sistat,
1340 1793 1394 1825 sed
1428 1792 1520 1825 variis
1554 1793 1794 1836 agnominibus,
1822 1806 1897 1828 cum
1928 1797 1967 1830 de

1213 1848 1264 1879 illa
1279 1848 1325 1880 vel
1341 1848 1393 1880 illa
1407 1853 1495 1890 parte.
1507 1847 1625 1890 agitur,
1638 1848 1678 1881 sit
1689 1848 1962 1892 distinguendum.

1212 1903 1384 1946 Propterea
1403 1913 1461 1936 nos
1490 1913 1528 1935 ne
1551 1903 1734 1936 animorum
1760 1904 1892 1948 quidem
1912 1911 1969 1938 aut

1212 1957 1340 1998 inentis,
1364 1957 1446 1990 inter
1471 1968 1525 1990 eos
1540 1969 1622 2002 quos
1643 1958 1782 1992 exterius
1801 1959 1845 1992 ita
1870 1960 1967 1994 rebus

1160 2011 1163 2013 ’
1212 2011 1374 2044 seiunctos
1407 2012 1583 2053 cernimus,
1616 2013 1803 2047 interiorem
1832 2014 1966 2048 coniun-

712 2052 850 2085 LXXXV.

417 2121 499 2153 Unio
515 2122 660 2163 fratrum
674 2120 890 2153 Amadeorttm
907 2127 936 2154 et
959 2121 1166 2166 Clas-enormi?

460 2174 579 2207 ordini
597 2175 742 2216 fratrum
761 2174 925 2208 Minornm
946 2175 978 2208 S.
1000 2177 1030 2209 F
1030 2179 1170 2210 romisci

458 2229 494 2261 de
513 2228 724 2262 Obseruantia
746 2228 772 2261 1,

499 2308 561 2338 Pius
577 2309 720 2345 episcopus
741 2316 836 2338 servus
857 2316 998 2338 servorum
1014 2311 1076 2344 Dei,

560 2361 594 2388 ad
613 2361 775 2396 perpetuam
792 2360 833 2389 rei
851 2360 1022 2390 memoriam.

460 2423 575 2456 Beatus
588 2423 705 2457 Christi
716 2423 886 2458 Salvatoris
898 2425 1063 2458 consessor
1074 2427 1095 2458 F
1099 2438 1169 2460 ran-

217 2470 401 2523 inssussssssssffiffff
416 2476 532 2517 ciscus‚
562 2478 639 2511 dum
665 2478 771 2511 adhuc
796 2478 940 2512 mortalis
965 2479 1062 2512 liuius
1089 2481 1169 2513 vitae

217 2537 277 2556 §tens
325 2534 401 2555 mu¹¹⁰⁵
417 2530 518 2574 spatia
534 2530 731 2572 decurreret,
743 2532 967 2566 ardentissimo
981 2534 1168 2567 coelestium

453 2599 463 2625 ¹
497 2599 534 2625 De
558 2598 658 2626 Ordine
681 2600 857 2627 Franciscano
878 2600 938 2627 vide
965 2602 1071 2628 constit.
1095 2609 1168 2629 cxvii

417 2643 525 2671 Honorii
542 2643 589 2677 111,
609 2645 688 2678 Solet,
708 2648 770 2673 tom.
789 2653 830 2679 ni,
851 2653 908 2681 pag.
931 2646 990 2673 5914.

1212 2065 1349 2098 ctionem
1362 2076 1492 2110 sperare
1514 2071 1582 2099 tuto
1603 2067 1757 2108 valemus,
1776 2068 1854 2111 quin
1869 2068 1965 2102 etiam

1212 2120 1342 2163 quando
1372 2120 1402 2152 in
1436 2131 1520 2158 eam,
1551 2121 1588 2154 de
1610 2132 1674 2164 qua
1695 2132 1793 2166 supra
1814 2122 1963 2164 diximus,

1212 2185 1300 2217 spem
1322 2175 1432 2213 erecti,
1455 2175 1651 2208 abeinsdem
1672 2175 1966 2211 Ordinis-fratribus

1212 2227 1332 2272 optima
1345 2239 1494 2272 quaeque
1507 2235 1535 2262 et
1548 2229 1696 2270 maxima,
1711 2230 1749 2263 ad
1762 2230 1816 2263 Dei
1827 2231 1964 2273 gloriam

1212 2288 1239 2314 et
1262 2282 1427 2315 militantis
1446 2283 1608 2316 Ecclesiae
1622 2283 1804 2325 utilitatem,
1827 2289 1857 2317 et
1872 2289 1962 2328 opta-

1212 2347 1295 2375 mus,
1319 2342 1346 2369 et
1369 2346 1443 2369 sane
1464 2347 1523 2380 pro
1545 2348 1593 2373 ea,
1611 2348 1721 2381 quani,
1735 2338 1767 2370 in
1788 2337 1850 2371 hoc
1870 2349 1962 2382 prae-

1212 2390 1315 2422 celsae
1340 2389 1501 2432 dignitatis
1531 2391 1655 2435 sastigio
1676 2391 1833 2432 collocati,
1853 2398 1964 2426 nostro

1214 2439 1339 2472 muneri
1352 2439 1519 2480 debemus,
1533 2440 1697 2484 diligentia
1711 2440 1878 2484 exigimus,
1898 2452 1963 2475 non

1212 2487 1347 2521 sinimus
1375 2499 1485 2522 carere
1506 2500 1596 2530 cura,
1618 2500 1658 2522 ne
1686 2490 1779 2530 forte,
1801 2490 1898 2523 rebus
1921 2490 1963 2524 ita

1212 2538 1376 2580 neglectis,
1404 2539 1490 2582 qnod
1517 2539 1601 2573 Deus
1633 2540 1773 2584 optimus
1806 2539 1964 2574 maximus

1212 2592 1341 2625 avertat,
1375 2599 1489 2632 magna
1518 2589 1592 2623 inde
1612 2588 1730 2623 sensim
1758 2588 1963 2624 incommoda

1212 2636 1395 2670 subeamus.

2224 2910 2230 2918 ’
2220 2872 2221 2876 ⁴
2216 875 2237 2839 *afflfflm‘ssaiswwme*muvae
2232 808 2234 810 ⁴
2231 759 2237 785 ..
2232 736 2234 739 <
2229 695 2237 704 „-
