<?xml version="1.0" encoding="UTF-8"?>
<!DOCTYPE html PUBLIC "-//W3C//DTD XHTML 1.0 Transitional//EN"
    "http://www.w3.org/TR/xhtml1/DTD/xhtml1-transitional.dtd">
<html xmlns="http://www.w3.org/1999/xhtml" xml:lang="en" lang="en">
 <head>
  <title>
</title>
<meta http-equiv="Content-Type" content="text/html;charset=utf-8" />
  <meta name='ocr-system' content='tesseract 3.04.00' />
  <meta name='ocr-capabilities' content='ocr_page ocr_carea ocr_par ocr_line ocrx_word'/>
</head>
<body>
  <div class='ocr_page' id='page_1' title='image "./bullarumdiplomat07cath_0970.png"; bbox 0 0 2237 3100; ppageno 0'>
   <div class='ocr_carea' id='block_1_1' title="bbox 211 231 387 258">
    <p class='ocr_par' dir='ltr' id='par_1_1' title="bbox 211 231 387 258">
     <span class='ocr_line' id='line_1_1' title="bbox 211 231 387 258; baseline 0 -1"><span class='ocrx_word' id='word_1_1' title='bbox 211 232 258 257; x_wconf 76' lang='lat' dir='ltr'>An.</span> <span class='ocrx_word' id='word_1_2' title='bbox 276 232 304 258; x_wconf 93' lang='lat' dir='ltr'>C.</span> <span class='ocrx_word' id='word_1_3' title='bbox 325 231 387 258; x_wconf 70' lang='lat'>¹571</span> 
     </span>
    </p>
   </div>
   <div class='ocr_carea' id='block_1_2' title="bbox 242 1747 373 1768">
    <p class='ocr_par' dir='ltr' id='par_1_2' title="bbox 242 1747 373 1768">
     <span class='ocr_line' id='line_1_2' title="bbox 242 1747 373 1768; baseline -0.023 0"><span class='ocrx_word' id='word_1_4' title='bbox 242 1747 373 1768; x_wconf 65' lang='lat' dir='ltr'>Prommium.</span> 
     </span>
    </p>
   </div>
   <div class='ocr_carea' id='block_1_3' title="bbox 216 2068 403 2369">
    <p class='ocr_par' dir='ltr' id='par_1_3' title="bbox 216 2068 403 2369">
     <span class='ocr_line' id='line_1_3' title="bbox 263 2068 401 2089; baseline -0.029 0"><span class='ocrx_word' id='word_1_5' title='bbox 263 2068 292 2089; x_wconf 85' lang='lat' dir='ltr'>Ob</span> <span class='ocrx_word' id='word_1_6' title='bbox 309 2068 401 2088; x_wconf 51' lang='lat' dir='ltr'>erectiu-</span> 
     </span>
     <span class='ocr_line' id='line_1_4' title="bbox 216 2100 399 2124; baseline -0.005 -4"><span class='ocrx_word' id='word_1_7' title='bbox 216 2105 264 2120; x_wconf 87' lang='lat' dir='ltr'>uem</span> <span class='ocrx_word' id='word_1_8' title='bbox 315 2100 399 2124; x_wconf 71' lang='lat' dir='ltr'>collegii</span> 
     </span>
     <span class='ocr_line' id='line_1_5' title="bbox 218 2129 400 2151; baseline -0.005 -1"><span class='ocrx_word' id='word_1_9' title='bbox 218 2131 305 2151; x_wconf 75' lang='lat' dir='ltr'>militiae</span> <span class='ocrx_word' id='word_1_10' title='bbox 330 2129 400 2151; x_wconf 64' lang='lat' dir='ltr'>saucii</span> 
     </span>
     <span class='ocr_line' id='line_1_6' title="bbox 217 2162 401 2187; baseline -0.005 -4"><span class='ocrx_word' id='word_1_11' title='bbox 217 2162 303 2187; x_wconf 72' lang='lat' dir='ltr'>Georgii</span> <span class='ocrx_word' id='word_1_12' title='bbox 314 2162 401 2182; x_wconf 82' lang='lat' dir='ltr'>diminu-</span> 
     </span>
     <span class='ocr_line' id='line_1_7' title="bbox 217 2196 399 2213; baseline 0 -1"><span class='ocrx_word' id='word_1_13' title='bbox 217 2196 250 2213; x_wconf 85' lang='lat' dir='ltr'>tus</span> <span class='ocrx_word' id='word_1_14' title='bbox 300 2198 399 2212; x_wconf 82' lang='lat' dir='ltr'>numerus</span> 
     </span>
     <span class='ocr_line' id='line_1_8' title="bbox 217 2223 400 2245; baseline -0.011 -1"><span class='ocrx_word' id='word_1_15' title='bbox 217 2224 349 2245; x_wconf 77' lang='lat' dir='ltr'>clericorum</span> <span class='ocrx_word' id='word_1_16' title='bbox 379 2223 400 2242; x_wconf 32' lang='lat' dir='ltr'>tt.</span> 
     </span>
     <span class='ocr_line' id='line_1_9' title="bbox 217 2255 402 2275; baseline -0.011 0"><span class='ocrx_word' id='word_1_17' title='bbox 217 2255 237 2275; x_wconf 63' lang='lat' dir='ltr'>C⁴</span> <span class='ocrx_word' id='word_1_18' title='bbox 254 2255 277 2275; x_wconf 73' lang='lat' dir='ltr'>A.</span> <span class='ocrx_word' id='word_1_19' title='bbox 298 2261 343 2275; x_wconf 75' lang='lat' dir='ltr'>cum</span> <span class='ocrx_word' id='word_1_20' title='bbox 361 2255 402 2274; x_wconf 77' lang='lat' dir='ltr'>:ili-</span> 
     </span>
     <span class='ocr_line' id='line_1_10' title="bbox 217 2286 402 2314; baseline -0.005 -8"><span class='ocrx_word' id='word_1_21' title='bbox 217 2286 272 2314; x_wconf 74' lang='lat' dir='ltr'>quali</span> <span class='ocrx_word' id='word_1_22' title='bbox 284 2286 402 2312; x_wconf 69' lang='lat' dir='ltr'>preiudicto</span> 
     </span>
     <span class='ocr_line' id='line_1_11' title="bbox 218 2316 403 2337; baseline -0.005 0"><span class='ocrx_word' id='word_1_23' title='bbox 218 2317 313 2337; x_wconf 78' lang='lat' dir='ltr'>eiusdem</span> <span class='ocrx_word' id='word_1_24' title='bbox 333 2316 403 2337; x_wconf 53' lang='lat' dir='ltr'>Came</span> 
     </span>
     <span class='ocr_line' id='line_1_12' title="bbox 219 2353 263 2369; baseline -0.023 0"><span class='ocrx_word' id='word_1_25' title='bbox 219 2353 263 2369; x_wconf 67' lang='lat' dir='ltr'>rae.</span> 
     </span>
    </p>
   </div>
   <div class='ocr_carea' id='block_1_4' title="bbox 452 221 517 256">
    <p class='ocr_par' dir='ltr' id='par_1_4' title="bbox 452 221 517 256">
     <span class='ocr_line' id='line_1_13' title="bbox 452 221 517 256; baseline -0.031 0"><span class='ocrx_word' id='word_1_26' title='bbox 452 221 517 256; x_wconf 75' lang='lat'>894</span> 
     </span>
    </p>
   </div>
   <div class='ocr_carea' id='block_1_5' title="bbox 407 280 1165 1020">
    <p class='ocr_par' dir='ltr' id='par_1_5' title="bbox 407 280 1165 699">
     <span class='ocr_line' id='line_1_14' title="bbox 407 280 1162 326; baseline -0.007 -9"><span class='ocrx_word' id='word_1_27' title='bbox 407 283 608 323; x_wconf 85' lang='lat' dir='ltr'>auctoritate,</span> <span class='ocrx_word' id='word_1_28' title='bbox 621 283 764 326; x_wconf 80' lang='lat' dir='ltr'>privatus</span> <span class='ocrx_word' id='word_1_29' title='bbox 785 288 813 314; x_wconf 83' lang='lat' dir='ltr'>et</span> <span class='ocrx_word' id='word_1_30' title='bbox 828 282 865 314; x_wconf 92' lang='lat' dir='ltr'>ad</span> <span class='ocrx_word' id='word_1_31' title='bbox 881 282 990 314; x_wconf 86' lang='lat' dir='ltr'>sutura</span> <span class='ocrx_word' id='word_1_32' title='bbox 1011 280 1162 313; x_wconf 83' lang='lat' dir='ltr'>inhabilis</span> 
     </span>
     <span class='ocr_line' id='line_1_15' title="bbox 407 333 1162 380; baseline -0.004 -11"><span class='ocrx_word' id='word_1_33' title='bbox 407 347 444 369; x_wconf 89' lang='lat' dir='ltr'>eo</span> <span class='ocrx_word' id='word_1_34' title='bbox 470 336 551 380; x_wconf 87' lang='lat' dir='ltr'>ipso.</span> <span class='ocrx_word' id='word_1_35' title='bbox 586 336 672 368; x_wconf 84' lang='lat' dir='ltr'>Ideni</span> <span class='ocrx_word' id='word_1_36' title='bbox 704 345 834 378; x_wconf 86' lang='lat' dir='ltr'>quoque</span> <span class='ocrx_word' id='word_1_37' title='bbox 866 339 894 366; x_wconf 86' lang='lat' dir='ltr'>et</span> <span class='ocrx_word' id='word_1_38' title='bbox 925 333 1046 377; x_wconf 83' lang='lat' dir='ltr'>pariter</span> <span class='ocrx_word' id='word_1_39' title='bbox 1070 339 1162 366; x_wconf 87' lang='lat' dir='ltr'>nota-</span> 
     </span>
     <span class='ocr_line' id='line_1_16' title="bbox 407 387 1160 432; baseline -0.004 -10"><span class='ocrx_word' id='word_1_40' title='bbox 407 390 487 429; x_wconf 84' lang='lat' dir='ltr'>rius,</span> <span class='ocrx_word' id='word_1_41' title='bbox 511 390 562 422; x_wconf 78' lang='lat' dir='ltr'>cui</span> <span class='ocrx_word' id='word_1_42' title='bbox 580 388 658 432; x_wconf 82' lang='lat' dir='ltr'>quid</span> <span class='ocrx_word' id='word_1_43' title='bbox 679 387 920 431; x_wconf 75' lang='lat' dir='ltr'>praedictorum</span> <span class='ocrx_word' id='word_1_44' title='bbox 942 387 1091 425; x_wconf 78' lang='lat' dir='ltr'>desuerit,</span> <span class='ocrx_word' id='word_1_45' title='bbox 1108 392 1160 419; x_wconf 86' lang='lat' dir='ltr'>aut</span> 
     </span>
     <span class='ocr_line' id='line_1_17' title="bbox 408 440 1162 485; baseline -0.005 -9"><span class='ocrx_word' id='word_1_46' title='bbox 408 443 486 476; x_wconf 85' lang='lat' dir='ltr'>alias</span> <span class='ocrx_word' id='word_1_47' title='bbox 496 442 667 485; x_wconf 78' lang='lat' dir='ltr'>deliquerit</span> <span class='ocrx_word' id='word_1_48' title='bbox 678 441 709 473; x_wconf 91' lang='lat' dir='ltr'>in</span> <span class='ocrx_word' id='word_1_49' title='bbox 720 440 903 484; x_wconf 78' lang='lat' dir='ltr'>praedietis,</span> <span class='ocrx_word' id='word_1_50' title='bbox 916 446 1080 483; x_wconf 82' lang='lat' dir='ltr'>tamqnam</span> <span class='ocrx_word' id='word_1_51' title='bbox 1094 441 1162 473; x_wconf 83' lang='lat' dir='ltr'>salsi</span> 
     </span>
     <span class='ocr_line' id='line_1_18' title="bbox 407 493 1160 537; baseline -0.005 -8"><span class='ocrx_word' id='word_1_52' title='bbox 407 507 482 529; x_wconf 87' lang='lat' dir='ltr'>reus</span> <span class='ocrx_word' id='word_1_53' title='bbox 495 496 690 533; x_wconf 69' lang='lat' dir='ltr'>declaretur,</span> <span class='ocrx_word' id='word_1_54' title='bbox 708 504 894 537; x_wconf 82' lang='lat' dir='ltr'>poenasque</span> <span class='ocrx_word' id='word_1_55' title='bbox 908 504 1020 526; x_wconf 86' lang='lat' dir='ltr'>omnes</span> <span class='ocrx_word' id='word_1_56' title='bbox 1035 493 1160 533; x_wconf 82' lang='lat' dir='ltr'>subeat,</span> 
     </span>
     <span class='ocr_line' id='line_1_19' title="bbox 407 546 1164 592; baseline -0.003 -11"><span class='ocrx_word' id='word_1_57' title='bbox 407 560 479 592; x_wconf 62' lang='lat' dir='ltr'>qut‘e</span> <span class='ocrx_word' id='word_1_58' title='bbox 493 553 565 581; x_wconf 80' lang='lat' dir='ltr'>sunt</span> <span class='ocrx_word' id='word_1_59' title='bbox 579 548 610 580; x_wconf 93' lang='lat' dir='ltr'>in</span> <span class='ocrx_word' id='word_1_60' title='bbox 622 546 809 579; x_wconf 83' lang='lat' dir='ltr'>huiusmodi</span> <span class='ocrx_word' id='word_1_61' title='bbox 824 557 933 579; x_wconf 90' lang='lat' dir='ltr'>rerum</span> <span class='ocrx_word' id='word_1_62' title='bbox 950 547 1094 579; x_wconf 82' lang='lat' dir='ltr'>falsarios</span> <span class='ocrx_word' id='word_1_63' title='bbox 1107 557 1164 590; x_wconf 86' lang='lat' dir='ltr'>per</span> 
     </span>
     <span class='ocr_line' id='line_1_20' title="bbox 407 600 1165 635; baseline -0.003 0"><span class='ocrx_word' id='word_1_64' title='bbox 407 602 588 635; x_wconf 74' lang='lat' dir='ltr'>sanctiones</span> <span class='ocrx_word' id='word_1_65' title='bbox 613 600 786 634; x_wconf 70' lang='lat' dir='ltr'>canonicas</span> <span class='ocrx_word' id='word_1_66' title='bbox 811 606 838 633; x_wconf 85' lang='lat' dir='ltr'>et</span> <span class='ocrx_word' id='word_1_67' title='bbox 861 600 1107 634; x_wconf 74' lang='lat' dir='ltr'>constitutiones</span> <span class='ocrx_word' id='word_1_68' title='bbox 1121 601 1165 633; x_wconf 87' lang='lat' dir='ltr'>le-</span> 
     </span>
     <span class='ocr_line' id='line_1_21' title="bbox 407 655 728 699; baseline -0.003 -12"><span class='ocrx_word' id='word_1_69' title='bbox 407 655 535 699; x_wconf 74' lang='lat' dir='ltr'>gitimas</span> <span class='ocrx_word' id='word_1_70' title='bbox 557 655 728 697; x_wconf 79' lang='lat' dir='ltr'>irrogatae.</span> 
     </span>
    </p>

    <p class='ocr_par' dir='ltr' id='par_1_6' title="bbox 451 707 866 750">
     <span class='ocr_line' id='line_1_22' title="bbox 451 707 866 750; baseline -0.002 -9"><span class='ocrx_word' id='word_1_71' title='bbox 451 708 536 741; x_wconf 81' lang='lat' dir='ltr'>Nulli</span> <span class='ocrx_word' id='word_1_72' title='bbox 557 718 634 750; x_wconf 69' lang='lat' dir='ltr'>ergo</span> <span class='ocrx_word' id='word_1_73' title='bbox 655 707 789 740; x_wconf 90' lang='lat' dir='ltr'>omnino</span> <span class='ocrx_word' id='word_1_74' title='bbox 810 712 866 740; x_wconf 75' lang='lat' dir='ltr'>etc.</span> 
     </span>
    </p>

    <p class='ocr_par' dir='ltr' id='par_1_7' title="bbox 407 761 1165 965">
     <span class='ocr_line' id='line_1_23' title="bbox 451 761 1164 805; baseline -0.001 -11"><span class='ocrx_word' id='word_1_75' title='bbox 451 762 566 794; x_wconf 87' lang='lat' dir='ltr'>Datum</span> <span class='ocrx_word' id='word_1_76' title='bbox 597 761 717 794; x_wconf 84' lang='lat' dir='ltr'>Romae</span> <span class='ocrx_word' id='word_1_77' title='bbox 744 762 828 805; x_wconf 89' lang='lat' dir='ltr'>apud</span> <span class='ocrx_word' id='word_1_78' title='bbox 856 761 886 794; x_wconf 82' lang='lat' dir='ltr'>S.</span> <span class='ocrx_word' id='word_1_79' title='bbox 915 762 1058 801; x_wconf 82' lang='lat' dir='ltr'>Petrum,</span> <span class='ocrx_word' id='word_1_80' title='bbox 1080 772 1164 794; x_wconf 88' lang='lat' dir='ltr'>anno</span> 
     </span>
     <span class='ocr_line' id='line_1_24' title="bbox 407 814 1164 858; baseline -0.001 -10"><span class='ocrx_word' id='word_1_81' title='bbox 407 815 642 848; x_wconf 83' lang='lat' dir='ltr'>lucarnationis</span> <span class='ocrx_word' id='word_1_82' title='bbox 663 814 845 848; x_wconf 70' lang='lat' dir='ltr'>dominicae</span> <span class='ocrx_word' id='word_1_83' title='bbox 873 814 1046 848; x_wconf 85' lang='lat' dir='ltr'>millesimo</span> <span class='ocrx_word' id='word_1_84' title='bbox 1068 815 1164 858; x_wconf 85' lang='lat' dir='ltr'>quin-</span> 
     </span>
     <span class='ocr_line' id='line_1_25' title="bbox 407 868 1165 913; baseline 0 -12"><span class='ocrx_word' id='word_1_85' title='bbox 407 868 585 911; x_wconf 83' lang='lat' dir='ltr'>gentesimo</span> <span class='ocrx_word' id='word_1_86' title='bbox 613 869 853 912; x_wconf 77' lang='lat' dir='ltr'>septuagesimo</span> <span class='ocrx_word' id='word_1_87' title='bbox 874 869 993 913; x_wconf 86' lang='lat' dir='ltr'>primo,</span> <span class='ocrx_word' id='word_1_88' title='bbox 1018 869 1165 902; x_wconf 82' lang='lat' dir='ltr'>kalendis</span> 
     </span>
     <span class='ocr_line' id='line_1_26' title="bbox 409 922 1064 965; baseline 0.002 -11"><span class='ocrx_word' id='word_1_89' title='bbox 409 922 527 961; x_wconf 84' lang='lat' dir='ltr'>martii,</span> <span class='ocrx_word' id='word_1_90' title='bbox 555 922 761 965; x_wconf 79' lang='lat' dir='ltr'>pontificatus</span> <span class='ocrx_word' id='word_1_91' title='bbox 786 922 887 955; x_wconf 86' lang='lat' dir='ltr'>nostri</span> <span class='ocrx_word' id='word_1_92' title='bbox 912 933 997 956; x_wconf 87' lang='lat' dir='ltr'>anno</span> <span class='ocrx_word' id='word_1_93' title='bbox 1023 933 1064 955; x_wconf 70' lang='lat' dir='ltr'>xl.</span> 
     </span>
    </p>

    <p class='ocr_par' dir='ltr' id='par_1_8' title="bbox 450 980 1103 1020">
     <span class='ocr_line' id='line_1_27' title="bbox 450 980 1103 1020; baseline 0.003 -11"><span class='ocrx_word' id='word_1_94' title='bbox 450 980 512 1010; x_wconf 79' lang='lat' dir='ltr'>Dat.</span> <span class='ocrx_word' id='word_1_95' title='bbox 531 980 578 1009; x_wconf 90' lang='lat' dir='ltr'>die</span> <span class='ocrx_word' id='word_1_96' title='bbox 602 980 613 1010; x_wconf 80' lang='grc'>1</span> <span class='ocrx_word' id='word_1_97' title='bbox 636 985 722 1010; x_wconf 84' lang='lat' dir='ltr'>mart.</span> <span class='ocrx_word' id='word_1_98' title='bbox 747 980 832 1013; x_wconf 69' lang='lat'>1571,</span> <span class='ocrx_word' id='word_1_99' title='bbox 855 980 959 1020; x_wconf 84' lang='lat' dir='ltr'>pontif.</span> <span class='ocrx_word' id='word_1_100' title='bbox 977 990 1103 1011; x_wconf 71' lang='lat' dir='ltr'>aimeri.</span> 
     </span>
    </p>
   </div>
   <div class='ocr_carea' id='block_1_6' title="bbox 704 1195 872 1228">
    <p class='ocr_par' dir='ltr' id='par_1_9' title="bbox 704 1195 872 1228">
     <span class='ocr_line' id='line_1_28' title="bbox 704 1195 872 1228; baseline 0 0"><span class='ocrx_word' id='word_1_101' title='bbox 704 1195 872 1228; x_wconf 64' lang='lat' dir='ltr'>CLXXXV⁴</span> 
     </span>
    </p>
   </div>
   <div class='ocr_carea' id='block_1_7' title="bbox 410 1293 1168 1498">
    <p class='ocr_par' dir='ltr' id='par_1_10' title="bbox 410 1293 1168 1498">
     <span class='ocr_line' id='line_1_29' title="bbox 410 1293 1168 1337; baseline -0.001 -9"><span class='ocrx_word' id='word_1_102' title='bbox 410 1295 608 1329; x_wconf 75' lang='lat' dir='ltr'>Clericorum</span> <span class='ocrx_word' id='word_1_103' title='bbox 621 1293 776 1327; x_wconf 73' lang='lat' dir='ltr'>Gamerae</span> <span class='ocrx_word' id='word_1_104' title='bbox 789 1294 991 1337; x_wconf 15' lang='lat' dir='ltr'>itqiaoxtolicae</span> <span class='ocrx_word' id='word_1_105' title='bbox 1002 1294 1168 1337; x_wconf 65' lang='lat' dir='ltr'>eollefst&#39;ztm</span> 
     </span>
     <span class='ocr_line' id='line_1_30' title="bbox 454 1348 1166 1391; baseline 0 -10"><span class='ocrx_word' id='word_1_106' title='bbox 454 1349 497 1381; x_wconf 77' lang='lat' dir='ltr'>ad</span> <span class='ocrx_word' id='word_1_107' title='bbox 522 1348 754 1381; x_wconf 70' lang='lat' dir='ltr'>duodenni-inm</span> <span class='ocrx_word' id='word_1_108' title='bbox 786 1359 953 1380; x_wconf 68' lang='lat' dir='ltr'>mainerum</span> <span class='ocrx_word' id='word_1_109' title='bbox 975 1348 1166 1391; x_wconf 69' lang='lat' dir='ltr'>cchauyetur,</span> 
     </span>
     <span class='ocr_line' id='line_1_31' title="bbox 454 1402 1168 1444; baseline 0.001 -10"><span class='ocrx_word' id='word_1_110' title='bbox 454 1413 522 1434; x_wconf 75' lang='lat' dir='ltr'>cnm</span> <span class='ocrx_word' id='word_1_111' title='bbox 540 1402 826 1434; x_wconf 73' lang='lat' dir='ltr'>emolumentorum</span> <span class='ocrx_word' id='word_1_112' title='bbox 850 1402 928 1444; x_wconf 72' lang='lat' dir='ltr'>ipsis</span> <span class='ocrx_word' id='word_1_113' title='bbox 944 1402 980 1434; x_wconf 77' lang='lat' dir='ltr'>cle</span> <span class='ocrx_word' id='word_1_114' title='bbox 997 1406 1096 1435; x_wconf 73' lang='lat' dir='ltr'>cetero</span> <span class='ocrx_word' id='word_1_115' title='bbox 1113 1413 1168 1435; x_wconf 63' lang='lat' dir='ltr'>ea*-</span> 
     </span>
     <span class='ocr_line' id='line_1_32' title="bbox 455 1454 967 1498; baseline 0 -11"><span class='ocrx_word' id='word_1_116' title='bbox 455 1455 669 1488; x_wconf 73' lang='lat' dir='ltr'>liibeudorttm</span> <span class='ocrx_word' id='word_1_117' title='bbox 686 1455 920 1498; x_wconf 71' lang='lat' dir='ltr'>praefinitione</span> <span class='ocrx_word' id='word_1_118' title='bbox 944 1454 967 1487; x_wconf 89' lang='lat'>¹.</span> 
     </span>
    </p>
   </div>
   <div class='ocr_carea' id='block_1_8' title="bbox 495 1544 1078 1637">
    <p class='ocr_par' dir='ltr' id='par_1_11' title="bbox 495 1544 1078 1637">
     <span class='ocr_line' id='line_1_33' title="bbox 495 1544 1078 1581; baseline -0.003 -7"><span class='ocrx_word' id='word_1_119' title='bbox 495 1545 558 1574; x_wconf 87' lang='lat' dir='ltr'>Pius</span> <span class='ocrx_word' id='word_1_120' title='bbox 585 1545 727 1581; x_wconf 80' lang='lat' dir='ltr'>episcopus</span> <span class='ocrx_word' id='word_1_121' title='bbox 742 1552 838 1573; x_wconf 81' lang='lat' dir='ltr'>servus</span> <span class='ocrx_word' id='word_1_122' title='bbox 862 1551 1004 1573; x_wconf 82' lang='lat' dir='ltr'>servorum</span> <span class='ocrx_word' id='word_1_123' title='bbox 1024 1544 1078 1577; x_wconf 83' lang='lat' dir='ltr'>Dei.</span> 
     </span>
     <span class='ocr_line' id='line_1_34' title="bbox 551 1599 1031 1637; baseline -0.002 -10"><span class='ocrx_word' id='word_1_124' title='bbox 551 1600 585 1627; x_wconf 85' lang='lat' dir='ltr'>ad</span> <span class='ocrx_word' id='word_1_125' title='bbox 605 1600 768 1637; x_wconf 78' lang='lat' dir='ltr'>perpetuam</span> <span class='ocrx_word' id='word_1_126' title='bbox 798 1599 838 1627; x_wconf 87' lang='lat' dir='ltr'>rei</span> <span class='ocrx_word' id='word_1_127' title='bbox 860 1599 1031 1627; x_wconf 81' lang='lat' dir='ltr'>memoriam.</span> 
     </span>
    </p>
   </div>
   <div class='ocr_carea' id='block_1_9' title="bbox 412 1679 1182 2580">
    <p class='ocr_par' dir='ltr' id='par_1_12' title="bbox 412 1679 1175 1992">
     <span class='ocr_line' id='line_1_35' title="bbox 456 1679 1173 1724; baseline 0 -11"><span class='ocrx_word' id='word_1_128' title='bbox 456 1680 621 1713; x_wconf 84' lang='lat' dir='ltr'>Romanus</span> <span class='ocrx_word' id='word_1_129' title='bbox 646 1679 802 1719; x_wconf 74' lang='lat' dir='ltr'><strong>Pontifex,</strong></span> <span class='ocrx_word' id='word_1_130' title='bbox 826 1686 992 1724; x_wconf 75' lang='lat' dir='ltr'>tamquam</span> <span class='ocrx_word' id='word_1_131' title='bbox 1018 1680 1173 1724; x_wconf 78' lang='lat' dir='ltr'>providus</span> 
     </span>
     <span class='ocr_line' id='line_1_36' title="bbox 412 1734 1173 1778; baseline 0 -12"><span class='ocrx_word' id='word_1_132' title='bbox 412 1740 504 1778; x_wconf 87' lang='lat' dir='ltr'>pater</span> <span class='ocrx_word' id='word_1_133' title='bbox 540 1734 700 1773; x_wconf 84' lang='lat' dir='ltr'>familias,</span> <span class='ocrx_word' id='word_1_134' title='bbox 739 1734 905 1777; x_wconf 86' lang='lat' dir='ltr'>operarios</span> <span class='ocrx_word' id='word_1_135' title='bbox 937 1740 966 1766; x_wconf 91' lang='lat' dir='ltr'>et</span> <span class='ocrx_word' id='word_1_136' title='bbox 1008 1734 1173 1766; x_wconf 76' lang='lat' dir='ltr'>ministros</span> 
     </span>
     <span class='ocr_line' id='line_1_37' title="bbox 412 1787 1170 1831; baseline 0 -11"><span class='ocrx_word' id='word_1_137' title='bbox 412 1788 608 1831; x_wconf 76' lang='lat' dir='ltr'>quandoque</span> <span class='ocrx_word' id='word_1_138' title='bbox 623 1787 773 1820; x_wconf 75' lang='lat' dir='ltr'>diminuit</span> <span class='ocrx_word' id='word_1_139' title='bbox 795 1793 824 1820; x_wconf 91' lang='lat' dir='ltr'>et</span> <span class='ocrx_word' id='word_1_140' title='bbox 846 1788 1042 1830; x_wconf 84' lang='lat' dir='ltr'>quandoque</span> <span class='ocrx_word' id='word_1_141' title='bbox 1063 1794 1170 1830; x_wconf 70' lang='lat' dir='ltr'>anget,</span> 
     </span>
     <span class='ocr_line' id='line_1_38' title="bbox 412 1840 1173 1885; baseline -0.001 -11"><span class='ocrx_word' id='word_1_142' title='bbox 412 1846 510 1885; x_wconf 88' lang='lat' dir='ltr'>prout</span> <span class='ocrx_word' id='word_1_143' title='bbox 531 1851 644 1873; x_wconf 87' lang='lat' dir='ltr'>eorum</span> <span class='ocrx_word' id='word_1_144' title='bbox 666 1840 848 1873; x_wconf 89' lang='lat' dir='ltr'>ministerio</span> <span class='ocrx_word' id='word_1_145' title='bbox 869 1840 984 1873; x_wconf 73' lang='lat' dir='ltr'>Sedent</span> <span class='ocrx_word' id='word_1_146' title='bbox 1010 1841 1173 1884; x_wconf 77' lang='lat' dir='ltr'>Apostoli-</span> 
     </span>
     <span class='ocr_line' id='line_1_39' title="bbox 414 1894 1175 1937; baseline -0.001 -10"><span class='ocrx_word' id='word_1_147' title='bbox 414 1906 496 1935; x_wconf 87' lang='lat' dir='ltr'>cam,</span> <span class='ocrx_word' id='word_1_148' title='bbox 519 1905 602 1937; x_wconf 87' lang='lat' dir='ltr'>quae</span> <span class='ocrx_word' id='word_1_149' title='bbox 624 1900 671 1927; x_wconf 87' lang='lat' dir='ltr'>est</span> <span class='ocrx_word' id='word_1_150' title='bbox 695 1894 787 1927; x_wconf 73' lang='lat' dir='ltr'>vinea</span> <span class='ocrx_word' id='word_1_151' title='bbox 808 1895 947 1934; x_wconf 77' lang='lat' dir='ltr'>Domini,</span> <span class='ocrx_word' id='word_1_152' title='bbox 973 1895 1118 1937; x_wconf 70' lang='lat' dir='ltr'>indigere</span> <span class='ocrx_word' id='word_1_153' title='bbox 1145 1899 1175 1927; x_wconf 80' lang='lat' dir='ltr'>et</span> 
     </span>
     <span class='ocr_line' id='line_1_40' title="bbox 415 1948 1171 1992; baseline -0.001 -10"><span class='ocrx_word' id='word_1_154' title='bbox 415 1959 472 1992; x_wconf 88' lang='lat' dir='ltr'>pro</span> <span class='ocrx_word' id='word_1_155' title='bbox 488 1948 556 1982; x_wconf 88' lang='lat' dir='ltr'>eius</span> <span class='ocrx_word' id='word_1_156' title='bbox 569 1948 813 1981; x_wconf 72' lang='lat' dir='ltr'>conservatione</span> <span class='ocrx_word' id='word_1_157' title='bbox 829 1949 980 1991; x_wconf 83' lang='lat' dir='ltr'>expedire</span> <span class='ocrx_word' id='word_1_158' title='bbox 1002 1949 1171 1992; x_wconf 82' lang='lat' dir='ltr'>prospicit.</span> 
     </span>
    </p>

    <p class='ocr_par' dir='ltr' id='par_1_13' title="bbox 416 2001 1182 2580">
     <span class='ocr_line' id='line_1_41' title="bbox 459 2001 1174 2045; baseline -0.001 -10"><span class='ocrx_word' id='word_1_159' title='bbox 459 2002 473 2045; x_wconf 63' lang='grc' dir='ltr'><strong>ἓ</strong></span> <span class='ocrx_word' id='word_1_160' title='bbox 497 2002 528 2034; x_wconf 37' lang='grc'>«1.</span> <span class='ocrx_word' id='word_1_161' title='bbox 557 2002 653 2042; x_wconf 84' lang='lat' dir='ltr'>Sane,</span> <span class='ocrx_word' id='word_1_162' title='bbox 680 2011 755 2034; x_wconf 87' lang='lat' dir='ltr'>eum</span> <span class='ocrx_word' id='word_1_163' title='bbox 778 2002 952 2043; x_wconf 72' lang='lat' dir='ltr'>collegium</span> <span class='ocrx_word' id='word_1_164' title='bbox 979 2001 1174 2034; x_wconf 64' lang='lat' dir='ltr'>dileetorum</span> 
     </span>
     <span class='ocr_line' id='line_1_42' title="bbox 416 2054 1175 2098; baseline -0.001 -10"><span class='ocrx_word' id='word_1_165' title='bbox 416 2055 559 2089; x_wconf 86' lang='lat' dir='ltr'>filiorum</span> <span class='ocrx_word' id='word_1_166' title='bbox 574 2055 714 2088; x_wconf 86' lang='lat' dir='ltr'>militum</span> <span class='ocrx_word' id='word_1_167' title='bbox 732 2054 839 2087; x_wconf 74' lang='lat' dir='ltr'>Sancti</span> <span class='ocrx_word' id='word_1_168' title='bbox 857 2054 997 2097; x_wconf 65' lang='lat' dir='ltr'>Georgii,</span> <span class='ocrx_word' id='word_1_169' title='bbox 1020 2066 1077 2098; x_wconf 85' lang='lat' dir='ltr'>pro</span> <span class='ocrx_word' id='word_1_170' title='bbox 1100 2066 1175 2088; x_wconf 69' lang='lat' dir='ltr'>cen-</span> 
     </span>
     <span class='ocr_line' id='line_1_43' title="bbox 417 2107 1176 2152; baseline -0.001 -11"><span class='ocrx_word' id='word_1_171' title='bbox 417 2114 484 2141; x_wconf 87' lang='lat' dir='ltr'>tum</span> <span class='ocrx_word' id='word_1_172' title='bbox 499 2107 737 2152; x_wconf 72' lang='lat' dir='ltr'>quinquaginta</span> <span class='ocrx_word' id='word_1_173' title='bbox 756 2107 915 2140; x_wconf 73' lang='lat' dir='ltr'>militibus</span> <span class='ocrx_word' id='word_1_174' title='bbox 930 2108 1056 2151; x_wconf 83' lang='lat' dir='ltr'>pridem</span> <span class='ocrx_word' id='word_1_175' title='bbox 1071 2119 1088 2140; x_wconf 96' lang='lat' dir='ltr'>a</span> <span class='ocrx_word' id='word_1_176' title='bbox 1108 2108 1176 2141; x_wconf 85' lang='lat' dir='ltr'>feli-</span> 
     </span>
     <span class='ocr_line' id='line_1_44' title="bbox 417 2161 1178 2205; baseline -0.001 -9"><span class='ocrx_word' id='word_1_177' title='bbox 417 2163 462 2195; x_wconf 83' lang='lat' dir='ltr'>eis</span> <span class='ocrx_word' id='word_1_178' title='bbox 483 2162 720 2196; x_wconf 81' lang='lat' dir='ltr'>reeordationis</span> <span class='ocrx_word' id='word_1_179' title='bbox 745 2162 844 2194; x_wconf 86' lang='lat' dir='ltr'>Paulo</span> <span class='ocrx_word' id='word_1_180' title='bbox 858 2161 943 2205; x_wconf 82' lang='lat' dir='ltr'>Papa</span> <span class='ocrx_word' id='word_1_181' title='bbox 964 2162 1018 2201; x_wconf 89' lang='lat' dir='ltr'>HI,</span> <span class='ocrx_word' id='word_1_182' title='bbox 1044 2162 1178 2205; x_wconf 78' lang='lat' dir='ltr'>praede-</span> 
     </span>
     <span class='ocr_line' id='line_1_45' title="bbox 419 2215 1177 2255; baseline -0.003 -6"><span class='ocrx_word' id='word_1_183' title='bbox 419 2227 545 2250; x_wconf 77' lang='lat' dir='ltr'>cessore</span> <span class='ocrx_word' id='word_1_184' title='bbox 566 2222 690 2255; x_wconf 79' lang='lat' dir='ltr'>nostro,</span> <span class='ocrx_word' id='word_1_185' title='bbox 702 2215 900 2255; x_wconf 86' lang='lat' dir='ltr'>institutum,</span> <span class='ocrx_word' id='word_1_186' title='bbox 919 2225 984 2247; x_wconf 93' lang='lat' dir='ltr'>non</span> <span class='ocrx_word' id='word_1_187' title='bbox 1000 2215 1177 2248; x_wconf 80' lang='lat' dir='ltr'>admodum</span> 
     </span>
     <span class='ocr_line' id='line_1_46' title="bbox 419 2268 1177 2313; baseline -0.004 -10"><span class='ocrx_word' id='word_1_188' title='bbox 419 2275 548 2303; x_wconf 83' lang='lat' dir='ltr'>nostrae</span> <span class='ocrx_word' id='word_1_189' title='bbox 558 2268 748 2313; x_wconf 66' lang='lat' dir='ltr'>reipublicae</span> <span class='ocrx_word' id='word_1_190' title='bbox 763 2268 993 2308; x_wconf 76' lang='lat' dir='ltr'>necessarium,</span> <span class='ocrx_word' id='word_1_191' title='bbox 1006 2268 1177 2311; x_wconf 70' lang='lat' dir='ltr'>collegium</span> 
     </span>
     <span class='ocr_line' id='line_1_47' title="bbox 419 2321 1175 2366; baseline -0.003 -10"><span class='ocrx_word' id='word_1_192' title='bbox 419 2334 494 2356; x_wconf 79' lang='lat' dir='ltr'>vero</span> <span class='ocrx_word' id='word_1_193' title='bbox 530 2323 684 2356; x_wconf 82' lang='lat' dir='ltr'>Gamerae</span> <span class='ocrx_word' id='word_1_194' title='bbox 719 2321 923 2366; x_wconf 68' lang='lat' dir='ltr'>Apostolieae</span> <span class='ocrx_word' id='word_1_195' title='bbox 956 2321 1175 2362; x_wconf 79' lang='lat' dir='ltr'>elericorum,</span> 
     </span>
     <span class='ocr_line' id='line_1_48' title="bbox 421 2375 1178 2420; baseline -0.003 -11"><span class='ocrx_word' id='word_1_196' title='bbox 421 2377 508 2420; x_wconf 90' lang='lat' dir='ltr'>quod</span> <span class='ocrx_word' id='word_1_197' title='bbox 535 2388 609 2410; x_wconf 84' lang='lat' dir='ltr'>cum</span> <span class='ocrx_word' id='word_1_198' title='bbox 635 2377 736 2410; x_wconf 81' lang='lat' dir='ltr'>soleat</span> <span class='ocrx_word' id='word_1_199' title='bbox 761 2375 898 2419; x_wconf 77' lang='lat' dir='ltr'>egregiis</span> <span class='ocrx_word' id='word_1_200' title='bbox 923 2375 998 2408; x_wconf 77' lang='lat' dir='ltr'>viris</span> <span class='ocrx_word' id='word_1_201' title='bbox 1023 2376 1178 2408; x_wconf 84' lang='lat' dir='ltr'>refertum</span> 
     </span>
     <span class='ocr_line' id='line_1_49' title="bbox 423 2428 1179 2473; baseline -0.001 -10"><span class='ocrx_word' id='word_1_202' title='bbox 423 2431 558 2464; x_wconf 89' lang='lat' dir='ltr'>existere</span> <span class='ocrx_word' id='word_1_203' title='bbox 574 2457 581 2471; x_wconf 93' lang='lat'>,</span> <span class='ocrx_word' id='word_1_204' title='bbox 611 2430 742 2464; x_wconf 83' lang='lat' dir='ltr'>decreto</span> <span class='ocrx_word' id='word_1_205' title='bbox 772 2436 880 2462; x_wconf 82' lang='lat' dir='ltr'>tamen</span> <span class='ocrx_word' id='word_1_206' title='bbox 905 2428 977 2473; x_wconf 87' lang='lat' dir='ltr'>piae</span> <span class='ocrx_word' id='word_1_207' title='bbox 1003 2429 1179 2462; x_wconf 78' lang='lat' dir='ltr'>memoriae</span> 
     </span>
     <span class='ocr_line' id='line_1_50' title="bbox 422 2481 1181 2526; baseline -0.004 -10"><span class='ocrx_word' id='word_1_208' title='bbox 422 2483 558 2526; x_wconf 78' lang='lat' dir='ltr'>Eugenii</span> <span class='ocrx_word' id='word_1_209' title='bbox 579 2482 743 2516; x_wconf 86' lang='lat' dir='ltr'>Pontifieis</span> <span class='ocrx_word' id='word_1_210' title='bbox 763 2483 811 2523; x_wconf 63' lang='lat' dir='ltr'>lv,</span> <span class='ocrx_word' id='word_1_211' title='bbox 834 2482 930 2515; x_wconf 88' lang='lat' dir='ltr'>etiam</span> <span class='ocrx_word' id='word_1_212' title='bbox 955 2481 1181 2525; x_wconf 83' lang='lat' dir='ltr'>praedeeesso-</span> 
     </span>
     <span class='ocr_line' id='line_1_51' title="bbox 426 2535 1182 2580; baseline -0.003 -10"><span class='ocrx_word' id='word_1_213' title='bbox 426 2537 470 2570; x_wconf 92' lang='lat' dir='ltr'>ris</span> <span class='ocrx_word' id='word_1_214' title='bbox 489 2537 604 2578; x_wconf 84' lang='lat' dir='ltr'>nostri,</span> <span class='ocrx_word' id='word_1_215' title='bbox 627 2537 665 2569; x_wconf 88' lang='lat' dir='ltr'>ab</span> <span class='ocrx_word' id='word_1_216' title='bbox 687 2537 801 2570; x_wconf 90' lang='lat' dir='ltr'>eodem</span> <span class='ocrx_word' id='word_1_217' title='bbox 825 2536 925 2569; x_wconf 88' lang='lat' dir='ltr'>Paulo</span> <span class='ocrx_word' id='word_1_218' title='bbox 954 2535 1182 2580; x_wconf 84' lang='lat' dir='ltr'>praedecesso-</span> 
     </span>
    </p>
   </div>
   <div class='ocr_carea' id='block_1_10' title="bbox 458 2625 912 2660">
    <p class='ocr_par' dir='ltr' id='par_1_14' title="bbox 458 2625 912 2660">
     <span class='ocr_line' id='line_1_52' title="bbox 458 2625 912 2660; baseline -0.004 -7"><span class='ocrx_word' id='word_1_219' title='bbox 458 2627 469 2653; x_wconf 88' lang='lat'>1</span> <span class='ocrx_word' id='word_1_220' title='bbox 489 2626 528 2653; x_wconf 85' lang='lat' dir='ltr'>Ex</span> <span class='ocrx_word' id='word_1_221' title='bbox 547 2625 653 2660; x_wconf 79' lang='lat' dir='ltr'>Regest.</span> <span class='ocrx_word' id='word_1_222' title='bbox 673 2626 698 2652; x_wconf 90' lang='lat' dir='ltr'>in</span> <span class='ocrx_word' id='word_1_223' title='bbox 717 2625 825 2652; x_wconf 80' lang='lat' dir='ltr'>Archiv.</span> <span class='ocrx_word' id='word_1_224' title='bbox 852 2625 912 2655; x_wconf 81' lang='lat' dir='ltr'>Vat.</span> 
     </span>
    </p>
   </div>
   <div class='ocr_carea' id='block_1_11' title="bbox 1184 608 1197 2003">
    <p class='ocr_par' dir='ltr' id='par_1_15' title="bbox 1184 608 1197 2003">
     <span class='ocr_line' id='line_1_53' title="bbox 1184 608 1197 2003; baseline 0 0"><span class='ocrx_word' id='word_1_225' title='bbox 1184 608 1197 2003; x_wconf 95' lang='lat' dir='ltr'> </span> 
     </span>
    </p>
   </div>
   <div class='ocr_carea' id='block_1_12' title="bbox 1003 229 1399 253">
    <p class='ocr_par' dir='ltr' id='par_1_16' title="bbox 1003 229 1399 253">
     <span class='ocr_line' id='line_1_54' title="bbox 1003 229 1399 253; baseline 0.003 -2"><span class='ocrx_word' id='word_1_226' title='bbox 1003 229 1181 252; x_wconf 67' lang='lat' dir='ltr'>m&#39;LLAttIt&#39;M</span> <span class='ocrx_word' id='word_1_227' title='bbox 1206 229 1356 253; x_wconf 60' lang='lat' dir='ltr'>nottANmt</span> <span class='ocrx_word' id='word_1_228' title='bbox 1396 244 1399 247; x_wconf 31' lang='grc' dir='ltr'><strong>Δ</strong></span> 
     </span>
    </p>
   </div>
   <div class='ocr_carea' id='block_1_13' title="bbox 1205 280 1978 2199">
    <p class='ocr_par' dir='ltr' id='par_1_17' title="bbox 1205 280 1966 909">
     <span class='ocr_line' id='line_1_55' title="bbox 1206 280 1959 325; baseline 0.004 -13"><span class='ocrx_word' id='word_1_229' title='bbox 1206 281 1364 320; x_wconf 46' lang='lat' dir='ltr'>raetiam</span> <span class='ocrx_word' id='word_1_230' title='bbox 1376 280 1609 314; x_wconf 86' lang='lat' dir='ltr'>interveniente</span> <span class='ocrx_word' id='word_1_231' title='bbox 1633 281 1783 324; x_wconf 87' lang='lat' dir='ltr'>pecunia,</span> <span class='ocrx_word' id='word_1_232' title='bbox 1799 282 1959 325; x_wconf 85' lang='lat' dir='ltr'>approba-</span> 
     </span>
     <span class='ocr_line' id='line_1_56' title="bbox 1205 333 1961 377; baseline 0.004 -11"><span class='ocrx_word' id='word_1_233' title='bbox 1205 340 1249 373; x_wconf 92' lang='lat' dir='ltr'>to,</span> <span class='ocrx_word' id='word_1_234' title='bbox 1267 334 1421 376; x_wconf 84' lang='lat' dir='ltr'>quoniam</span> <span class='ocrx_word' id='word_1_235' title='bbox 1436 334 1475 366; x_wconf 90' lang='lat' dir='ltr'>ad</span> <span class='ocrx_word' id='word_1_236' title='bbox 1491 333 1709 377; x_wconf 81' lang='lat' dir='ltr'>septenarium</span> <span class='ocrx_word' id='word_1_237' title='bbox 1723 344 1896 368; x_wconf 88' lang='lat' dir='ltr'>numerum</span> <span class='ocrx_word' id='word_1_238' title='bbox 1911 346 1961 369; x_wconf 88' lang='lat' dir='ltr'>re-</span> 
     </span>
     <span class='ocr_line' id='line_1_57' title="bbox 1205 387 1948 427; baseline 0.003 -7"><span class='ocrx_word' id='word_1_239' title='bbox 1205 388 1340 420; x_wconf 77' lang='lat' dir='ltr'>ductum</span> <span class='ocrx_word' id='word_1_240' title='bbox 1367 387 1480 427; x_wconf 83' lang='lat' dir='ltr'>extitit,</span> <span class='ocrx_word' id='word_1_241' title='bbox 1508 387 1602 420; x_wconf 90' lang='lat' dir='ltr'>nobis</span> <span class='ocrx_word' id='word_1_242' title='bbox 1628 387 1723 420; x_wconf 87' lang='lat' dir='ltr'>nimis</span> <span class='ocrx_word' id='word_1_243' title='bbox 1747 393 1905 421; x_wconf 86' lang='lat' dir='ltr'>arctatum</span> <span class='ocrx_word' id='word_1_244' title='bbox 1931 399 1948 422; x_wconf 88' lang='lat' dir='ltr'>e</span> 
     </span>
     <span class='ocr_line' id='line_1_58' title="bbox 1205 440 1963 485; baseline 0.004 -13"><span class='ocrx_word' id='word_1_245' title='bbox 1205 445 1412 483; x_wconf 71' lang='lat' dir='ltr'>angustatum</span> <span class='ocrx_word' id='word_1_246' title='bbox 1426 440 1528 474; x_wconf 80' lang='lat' dir='ltr'>risum</span> <span class='ocrx_word' id='word_1_247' title='bbox 1541 440 1610 479; x_wconf 83' lang='lat' dir='ltr'>fuit,</span> <span class='ocrx_word' id='word_1_248' title='bbox 1620 441 1662 473; x_wconf 85' lang='lat' dir='ltr'>ita</span> <span class='ocrx_word' id='word_1_249' title='bbox 1676 445 1720 481; x_wconf 85' lang='lat' dir='ltr'>ut,</span> <span class='ocrx_word' id='word_1_250' title='bbox 1731 442 1753 473; x_wconf 89' lang='lat' dir='ltr'>si</span> <span class='ocrx_word' id='word_1_251' title='bbox 1764 441 1863 484; x_wconf 83' lang='lat' dir='ltr'>aliqui</span> <span class='ocrx_word' id='word_1_252' title='bbox 1877 442 1963 485; x_wconf 89' lang='lat' dir='ltr'>ipso-</span> 
     </span>
     <span class='ocr_line' id='line_1_59' title="bbox 1206 493 1962 536; baseline 0.004 -11"><span class='ocrx_word' id='word_1_253' title='bbox 1206 504 1278 526; x_wconf 89' lang='lat' dir='ltr'>rum</span> <span class='ocrx_word' id='word_1_254' title='bbox 1309 493 1504 526; x_wconf 76' lang='lat' dir='ltr'>elericorum</span> <span class='ocrx_word' id='word_1_255' title='bbox 1540 495 1588 526; x_wconf 79' lang='lat' dir='ltr'>vel</span> <span class='ocrx_word' id='word_1_256' title='bbox 1609 494 1742 527; x_wconf 77' lang='lat' dir='ltr'>adversa</span> <span class='ocrx_word' id='word_1_257' title='bbox 1770 494 1962 536; x_wconf 80' lang='lat' dir='ltr'>valetudine,</span> 
     </span>
     <span class='ocr_line' id='line_1_60' title="bbox 1206 546 1963 590; baseline 0.004 -12"><span class='ocrx_word' id='word_1_258' title='bbox 1206 547 1253 579; x_wconf 75' lang='lat' dir='ltr'>vel</span> <span class='ocrx_word' id='word_1_259' title='bbox 1268 546 1342 589; x_wconf 86' lang='lat' dir='ltr'>quia</span> <span class='ocrx_word' id='word_1_260' title='bbox 1357 547 1397 579; x_wconf 86' lang='lat' dir='ltr'>ad</span> <span class='ocrx_word' id='word_1_261' title='bbox 1412 547 1473 579; x_wconf 88' lang='lat' dir='ltr'>alia</span> <span class='ocrx_word' id='word_1_262' title='bbox 1487 547 1590 579; x_wconf 84' lang='lat' dir='ltr'>dietae</span> <span class='ocrx_word' id='word_1_263' title='bbox 1600 546 1689 580; x_wconf 81' lang='lat' dir='ltr'>Sedis</span> <span class='ocrx_word' id='word_1_264' title='bbox 1700 547 1847 590; x_wconf 80' lang='lat' dir='ltr'>graviora</span> <span class='ocrx_word' id='word_1_265' title='bbox 1863 558 1963 590; x_wconf 82' lang='lat' dir='ltr'>nego-</span> 
     </span>
     <span class='ocr_line' id='line_1_61' title="bbox 1207 599 1963 642; baseline 0.003 -11"><span class='ocrx_word' id='word_1_266' title='bbox 1207 599 1255 632; x_wconf 81' lang='lat' dir='ltr'>eia</span> <span class='ocrx_word' id='word_1_267' title='bbox 1268 599 1501 639; x_wconf 85' lang='lat' dir='ltr'>distrahantur,</span> <span class='ocrx_word' id='word_1_268' title='bbox 1517 605 1572 632; x_wconf 88' lang='lat' dir='ltr'>aut</span> <span class='ocrx_word' id='word_1_269' title='bbox 1586 600 1648 632; x_wconf 90' lang='lat' dir='ltr'>alio</span> <span class='ocrx_word' id='word_1_270' title='bbox 1661 600 1775 642; x_wconf 82' lang='lat' dir='ltr'>quovis</span> <span class='ocrx_word' id='word_1_271' title='bbox 1790 600 1887 633; x_wconf 89' lang='lat' dir='ltr'>modo</span> <span class='ocrx_word' id='word_1_272' title='bbox 1901 600 1963 633; x_wconf 90' lang='lat' dir='ltr'>im-</span> 
     </span>
     <span class='ocr_line' id='line_1_62' title="bbox 1208 652 1966 697; baseline 0.005 -14"><span class='ocrx_word' id='word_1_273' title='bbox 1208 653 1391 696; x_wconf 85' lang='lat' dir='ltr'>pediantur,</span> <span class='ocrx_word' id='word_1_274' title='bbox 1414 652 1514 696; x_wconf 83' lang='lat' dir='ltr'>ipsius</span> <span class='ocrx_word' id='word_1_275' title='bbox 1540 652 1693 686; x_wconf 85' lang='lat' dir='ltr'>Gamerae</span> <span class='ocrx_word' id='word_1_276' title='bbox 1719 653 1840 694; x_wconf 83' lang='lat' dir='ltr'>munia,</span> <span class='ocrx_word' id='word_1_277' title='bbox 1867 659 1966 697; x_wconf 89' lang='lat' dir='ltr'>prout</span> 
     </span>
     <span class='ocr_line' id='line_1_63' title="bbox 1208 706 1964 750; baseline 0.003 -12"><span class='ocrx_word' id='word_1_278' title='bbox 1208 716 1321 738; x_wconf 88' lang='lat' dir='ltr'>eorum</span> <span class='ocrx_word' id='word_1_279' title='bbox 1348 706 1445 748; x_wconf 74' lang='lat' dir='ltr'>exigit</span> <span class='ocrx_word' id='word_1_280' title='bbox 1466 706 1667 748; x_wconf 79' lang='lat' dir='ltr'>magnitudo,</span> <span class='ocrx_word' id='word_1_281' title='bbox 1685 706 1724 739; x_wconf 92' lang='lat' dir='ltr'>ab</span> <span class='ocrx_word' id='word_1_282' title='bbox 1744 706 1806 747; x_wconf 84' lang='lat' dir='ltr'>liis,</span> <span class='ocrx_word' id='word_1_283' title='bbox 1828 707 1884 750; x_wconf 88' lang='lat' dir='ltr'>qui</span> <span class='ocrx_word' id='word_1_284' title='bbox 1908 718 1964 740; x_wconf 87' lang='lat' dir='ltr'>su-</span> 
     </span>
     <span class='ocr_line' id='line_1_64' title="bbox 1208 759 1965 804; baseline 0.005 -14"><span class='ocrx_word' id='word_1_285' title='bbox 1208 765 1353 803; x_wconf 84' lang='lat' dir='ltr'>persunt,</span> <span class='ocrx_word' id='word_1_286' title='bbox 1377 759 1506 792; x_wconf 79' lang='lat' dir='ltr'>tractari</span> <span class='ocrx_word' id='word_1_287' title='bbox 1520 765 1550 792; x_wconf 87' lang='lat' dir='ltr'>et</span> <span class='ocrx_word' id='word_1_288' title='bbox 1564 759 1676 803; x_wconf 78' lang='lat' dir='ltr'>perfici</span> <span class='ocrx_word' id='word_1_289' title='bbox 1692 760 1825 793; x_wconf 92' lang='lat' dir='ltr'>omnino</span> <span class='ocrx_word' id='word_1_290' title='bbox 1840 771 1965 804; x_wconf 85' lang='lat' dir='ltr'>neque-</span> 
     </span>
     <span class='ocr_line' id='line_1_65' title="bbox 1207 812 1964 857; baseline 0.003 -12"><span class='ocrx_word' id='word_1_291' title='bbox 1207 819 1273 853; x_wconf 85' lang='lat' dir='ltr'>ant,</span> <span class='ocrx_word' id='word_1_292' title='bbox 1297 813 1377 845; x_wconf 89' lang='lat' dir='ltr'>illud</span> <span class='ocrx_word' id='word_1_293' title='bbox 1403 813 1502 855; x_wconf 73' lang='lat' dir='ltr'>igitur</span> <span class='ocrx_word' id='word_1_294' title='bbox 1522 812 1695 846; x_wconf 60' lang='lat' dir='ltr'>dissolvere</span> <span class='ocrx_word' id='word_1_295' title='bbox 1717 820 1747 847; x_wconf 90' lang='lat' dir='ltr'>et</span> <span class='ocrx_word' id='word_1_296' title='bbox 1763 813 1964 857; x_wconf 83' lang='lat' dir='ltr'>extinguere,</span> 
     </span>
     <span class='ocr_line' id='line_1_66' title="bbox 1207 866 1830 909; baseline 0.002 -10"><span class='ocrx_word' id='word_1_297' title='bbox 1207 867 1269 900; x_wconf 82' lang='lat' dir='ltr'>hoe</span> <span class='ocrx_word' id='word_1_298' title='bbox 1289 877 1364 899; x_wconf 75' lang='lat' dir='ltr'>vero</span> <span class='ocrx_word' id='word_1_299' title='bbox 1390 866 1550 909; x_wconf 77' lang='lat' dir='ltr'>adaugere</span> <span class='ocrx_word' id='word_1_300' title='bbox 1571 866 1830 900; x_wconf 79' lang='lat' dir='ltr'>deliberavimus.</span> 
     </span>
    </p>

    <p class='ocr_par' dir='ltr' id='par_1_18' title="bbox 1209 920 1973 1662">
     <span class='ocr_line' id='line_1_67' title="bbox 1253 920 1968 963; baseline 0.003 -11"><span class='ocrx_word' id='word_1_301' title='bbox 1253 921 1267 963; x_wconf 60' lang='grc' dir='ltr'>ξ</span> <span class='ocrx_word' id='word_1_302' title='bbox 1289 920 1319 952; x_wconf 66' lang='lat'>2.</span> <span class='ocrx_word' id='word_1_303' title='bbox 1343 920 1695 958; x_wconf 80' lang='lat' dir='ltr'>Quamobremlitteras</span> <span class='ocrx_word' id='word_1_304' title='bbox 1715 921 1888 954; x_wconf 81' lang='lat' dir='ltr'>erectionis</span> <span class='ocrx_word' id='word_1_305' title='bbox 1904 921 1968 955; x_wconf 87' lang='lat' dir='ltr'>col-</span> 
     </span>
     <span class='ocr_line' id='line_1_68' title="bbox 1209 973 1968 1019; baseline 0.003 -12"><span class='ocrx_word' id='word_1_306' title='bbox 1209 974 1281 1017; x_wconf 73' lang='lat' dir='ltr'>legii</span> <span class='ocrx_word' id='word_1_307' title='bbox 1302 973 1454 1014; x_wconf 84' lang='lat' dir='ltr'>militum,</span> <span class='ocrx_word' id='word_1_308' title='bbox 1470 974 1670 1008; x_wconf 78' lang='lat' dir='ltr'>reductionis</span> <span class='ocrx_word' id='word_1_309' title='bbox 1690 975 1818 1019; x_wconf 77' lang='lat' dir='ltr'>collegii</span> <span class='ocrx_word' id='word_1_310' title='bbox 1831 976 1968 1009; x_wconf 87' lang='lat' dir='ltr'>elerico-</span> 
     </span>
     <span class='ocr_line' id='line_1_69' title="bbox 1209 1027 1968 1072; baseline 0.001 -11"><span class='ocrx_word' id='word_1_311' title='bbox 1209 1039 1282 1061; x_wconf 87' lang='lat' dir='ltr'>rum</span> <span class='ocrx_word' id='word_1_312' title='bbox 1297 1028 1336 1060; x_wconf 90' lang='lat' dir='ltr'>ad</span> <span class='ocrx_word' id='word_1_313' title='bbox 1349 1027 1536 1060; x_wconf 83' lang='lat' dir='ltr'>huiusmodi</span> <span class='ocrx_word' id='word_1_314' title='bbox 1549 1028 1769 1072; x_wconf 88' lang='lat' dir='ltr'>septenarium</span> <span class='ocrx_word' id='word_1_315' title='bbox 1781 1039 1968 1070; x_wconf 87' lang='lat' dir='ltr'>numerum,</span> 
     </span>
     <span class='ocr_line' id='line_1_70' title="bbox 1209 1081 1969 1125; baseline 0.004 -12"><span class='ocrx_word' id='word_1_316' title='bbox 1209 1081 1519 1125; x_wconf 69' lang='lat' dir='ltr'>privilegiorumque</span> <span class='ocrx_word' id='word_1_317' title='bbox 1553 1087 1584 1114; x_wconf 86' lang='lat' dir='ltr'>et</span> <span class='ocrx_word' id='word_1_318' title='bbox 1614 1081 1816 1115; x_wconf 87' lang='lat' dir='ltr'>indultorum</span> <span class='ocrx_word' id='word_1_319' title='bbox 1847 1082 1969 1117; x_wconf 85' lang='lat' dir='ltr'>eisdem</span> 
     </span>
     <span class='ocr_line' id='line_1_71' title="bbox 1210 1135 1970 1180; baseline 0.001 -11"><span class='ocrx_word' id='word_1_320' title='bbox 1210 1135 1365 1178; x_wconf 69' lang='lat' dir='ltr'>collegiis,</span> <span class='ocrx_word' id='word_1_321' title='bbox 1394 1135 1552 1168; x_wconf 85' lang='lat' dir='ltr'>militibus</span> <span class='ocrx_word' id='word_1_322' title='bbox 1573 1135 1742 1169; x_wconf 85' lang='lat' dir='ltr'>etelerieis</span> <span class='ocrx_word' id='word_1_323' title='bbox 1760 1136 1970 1180; x_wconf 87' lang='lat' dir='ltr'>quomodoli-</span> 
     </span>
     <span class='ocr_line' id='line_1_72' title="bbox 1209 1189 1971 1234; baseline 0.004 -13"><span class='ocrx_word' id='word_1_324' title='bbox 1209 1190 1261 1222; x_wconf 89' lang='lat' dir='ltr'>bet</span> <span class='ocrx_word' id='word_1_325' title='bbox 1288 1199 1530 1229; x_wconf 86' lang='lat' dir='ltr'>eoneessorum,</span> <span class='ocrx_word' id='word_1_326' title='bbox 1551 1189 1780 1222; x_wconf 84' lang='lat' dir='ltr'>innovatorum</span> <span class='ocrx_word' id='word_1_327' title='bbox 1801 1194 1831 1223; x_wconf 81' lang='lat' dir='ltr'>et</span> <span class='ocrx_word' id='word_1_328' title='bbox 1852 1200 1971 1234; x_wconf 82' lang='lat' dir='ltr'>appro-</span> 
     </span>
     <span class='ocr_line' id='line_1_73' title="bbox 1211 1242 1971 1286; baseline 0.003 -11"><span class='ocrx_word' id='word_1_329' title='bbox 1211 1243 1370 1278; x_wconf 79' lang='lat' dir='ltr'>batorum,</span> <span class='ocrx_word' id='word_1_330' title='bbox 1387 1242 1625 1286; x_wconf 72' lang='lat' dir='ltr'>praesentibus,</span> <span class='ocrx_word' id='word_1_331' title='bbox 1648 1254 1685 1275; x_wconf 87' lang='lat' dir='ltr'>ae</span> <span class='ocrx_word' id='word_1_332' title='bbox 1705 1243 1731 1276; x_wconf 89' lang='lat' dir='ltr'>si</span> <span class='ocrx_word' id='word_1_333' title='bbox 1751 1243 1791 1276; x_wconf 88' lang='lat' dir='ltr'>de</span> <span class='ocrx_word' id='word_1_334' title='bbox 1811 1243 1909 1277; x_wconf 82' lang='lat' dir='ltr'>verbo</span> <span class='ocrx_word' id='word_1_335' title='bbox 1929 1244 1971 1277; x_wconf 88' lang='lat' dir='ltr'>ad</span> 
     </span>
     <span class='ocr_line' id='line_1_74' title="bbox 1210 1295 1972 1339; baseline 0.004 -12"><span class='ocrx_word' id='word_1_336' title='bbox 1210 1295 1343 1329; x_wconf 76' lang='lat' dir='ltr'>verbum</span> <span class='ocrx_word' id='word_1_337' title='bbox 1361 1295 1594 1335; x_wconf 81' lang='lat' dir='ltr'>insererentur,</span> <span class='ocrx_word' id='word_1_338' title='bbox 1606 1306 1665 1339; x_wconf 89' lang='lat' dir='ltr'>pro</span> <span class='ocrx_word' id='word_1_339' title='bbox 1678 1295 1836 1339; x_wconf 85' lang='lat' dir='ltr'>expressis</span> <span class='ocrx_word' id='word_1_340' title='bbox 1849 1296 1972 1330; x_wconf 86' lang='lat' dir='ltr'>baben-</span> 
     </span>
     <span class='ocr_line' id='line_1_75' title="bbox 1212 1349 1971 1394; baseline 0.001 -12"><span class='ocrx_word' id='word_1_341' title='bbox 1212 1355 1269 1385; x_wconf 76' lang='lat' dir='ltr'>tes:</span> <span class='ocrx_word' id='word_1_342' title='bbox 1293 1360 1327 1382; x_wconf 84' lang='lat' dir='ltr'>ae</span> <span class='ocrx_word' id='word_1_343' title='bbox 1349 1349 1576 1382; x_wconf 76' lang='lat' dir='ltr'>reductionem</span> <span class='ocrx_word' id='word_1_344' title='bbox 1594 1349 1799 1383; x_wconf 86' lang='lat' dir='ltr'>etdecretum</span> <span class='ocrx_word' id='word_1_345' title='bbox 1815 1350 1854 1383; x_wconf 89' lang='lat' dir='ltr'>de</span> <span class='ocrx_word' id='word_1_346' title='bbox 1867 1356 1971 1394; x_wconf 87' lang='lat' dir='ltr'>septe-</span> 
     </span>
     <span class='ocr_line' id='line_1_76' title="bbox 1212 1403 1972 1448; baseline 0.003 -13"><span class='ocrx_word' id='word_1_347' title='bbox 1212 1403 1304 1436; x_wconf 89' lang='lat' dir='ltr'>nario</span> <span class='ocrx_word' id='word_1_348' title='bbox 1342 1413 1480 1436; x_wconf 90' lang='lat' dir='ltr'>numero</span> <span class='ocrx_word' id='word_1_349' title='bbox 1521 1403 1709 1436; x_wconf 87' lang='lat' dir='ltr'>huiusmodi</span> <span class='ocrx_word' id='word_1_350' title='bbox 1748 1408 1972 1448; x_wconf 81' lang='lat' dir='ltr'>statutumque</span> 
     </span>
     <span class='ocr_line' id='line_1_77' title="bbox 1213 1456 1973 1502; baseline 0.003 -13"><span class='ocrx_word' id='word_1_351' title='bbox 1213 1456 1359 1490; x_wconf 81' lang='lat' dir='ltr'>eiusdem</span> <span class='ocrx_word' id='word_1_352' title='bbox 1371 1456 1462 1490; x_wconf 84' lang='lat' dir='ltr'>Pauli</span> <span class='ocrx_word' id='word_1_353' title='bbox 1477 1456 1727 1500; x_wconf 62' lang='lat' dir='ltr'>praedecessoris</span> <span class='ocrx_word' id='word_1_354' title='bbox 1739 1457 1881 1501; x_wconf 85' lang='lat' dir='ltr'>desuper</span> <span class='ocrx_word' id='word_1_355' title='bbox 1893 1468 1973 1502; x_wconf 88' lang='lat' dir='ltr'>quo-</span> 
     </span>
     <span class='ocr_line' id='line_1_78' title="bbox 1214 1510 1973 1555; baseline 0.003 -13"><span class='ocrx_word' id='word_1_356' title='bbox 1214 1510 1393 1543; x_wconf 80' lang='lat' dir='ltr'>modolibet</span> <span class='ocrx_word' id='word_1_357' title='bbox 1426 1510 1546 1543; x_wconf 80' lang='lat' dir='ltr'>sactum</span> <span class='ocrx_word' id='word_1_358' title='bbox 1581 1516 1611 1543; x_wconf 89' lang='lat' dir='ltr'>et.</span> <span class='ocrx_word' id='word_1_359' title='bbox 1642 1521 1870 1555; x_wconf 85' lang='lat' dir='ltr'>quaecumque</span> <span class='ocrx_word' id='word_1_360' title='bbox 1910 1511 1973 1545; x_wconf 87' lang='lat' dir='ltr'>alia</span> 
     </span>
     <span class='ocr_line' id='line_1_79' title="bbox 1214 1563 1971 1609; baseline 0.005 -14"><span class='ocrx_word' id='word_1_361' title='bbox 1214 1563 1327 1606; x_wconf 72' lang='lat' dir='ltr'>quovis</span> <span class='ocrx_word' id='word_1_362' title='bbox 1347 1564 1443 1597; x_wconf 89' lang='lat' dir='ltr'>modo</span> <span class='ocrx_word' id='word_1_363' title='bbox 1465 1564 1615 1597; x_wconf 77' lang='lat' dir='ltr'>effectum</span> <span class='ocrx_word' id='word_1_364' title='bbox 1636 1564 1846 1608; x_wconf 76' lang='lat' dir='ltr'>praesentium</span> <span class='ocrx_word' id='word_1_365' title='bbox 1867 1564 1971 1609; x_wconf 85' lang='lat' dir='ltr'>impe-</span> 
     </span>
     <span class='ocr_line' id='line_1_80' title="bbox 1214 1617 1711 1662; baseline 0.004 -13"><span class='ocrx_word' id='word_1_366' title='bbox 1214 1617 1336 1650; x_wconf 89' lang='lat' dir='ltr'>dientia</span> <span class='ocrx_word' id='word_1_367' title='bbox 1356 1618 1485 1662; x_wconf 89' lang='lat' dir='ltr'>penitus</span> <span class='ocrx_word' id='word_1_368' title='bbox 1506 1618 1711 1661; x_wconf 83' lang='lat' dir='ltr'>abrogantes.</span> 
     </span>
    </p>

    <p class='ocr_par' dir='ltr' id='par_1_19' title="bbox 1215 1670 1977 1983">
     <span class='ocr_line' id='line_1_81' title="bbox 1259 1670 1974 1714; baseline 0.003 -11"><span class='ocrx_word' id='word_1_369' title='bbox 1259 1671 1273 1714; x_wconf 62' lang='grc' dir='ltr'>ξ</span> <span class='ocrx_word' id='word_1_370' title='bbox 1299 1670 1330 1703; x_wconf 74' lang='grc'>3.</span> <span class='ocrx_word' id='word_1_371' title='bbox 1353 1671 1396 1704; x_wconf 89' lang='lat' dir='ltr'>De</span> <span class='ocrx_word' id='word_1_372' title='bbox 1417 1672 1552 1704; x_wconf 75' lang='lat' dir='ltr'>fratrum</span> <span class='ocrx_word' id='word_1_373' title='bbox 1574 1677 1761 1705; x_wconf 84' lang='lat' dir='ltr'>nostrorum</span> <span class='ocrx_word' id='word_1_374' title='bbox 1783 1671 1920 1705; x_wconf 87' lang='lat' dir='ltr'>consilio</span> <span class='ocrx_word' id='word_1_375' title='bbox 1936 1682 1974 1706; x_wconf 84' lang='lat' dir='ltr'>ae</span> 
     </span>
     <span class='ocr_line' id='line_1_82' title="bbox 1215 1725 1975 1769; baseline 0.003 -13"><span class='ocrx_word' id='word_1_376' title='bbox 1215 1725 1253 1757; x_wconf 86' lang='lat' dir='ltr'>de</span> <span class='ocrx_word' id='word_1_377' title='bbox 1268 1725 1453 1768; x_wconf 58' lang='lat' dir='ltr'>apostolieae</span> <span class='ocrx_word' id='word_1_378' title='bbox 1468 1725 1632 1769; x_wconf 81' lang='lat' dir='ltr'>potestatis</span> <span class='ocrx_word' id='word_1_379' title='bbox 1646 1725 1860 1768; x_wconf 88' lang='lat' dir='ltr'>plenitudine,</span> <span class='ocrx_word' id='word_1_380' title='bbox 1876 1726 1975 1759; x_wconf 82' lang='lat' dir='ltr'>colle-</span> 
     </span>
     <span class='ocr_line' id='line_1_83' title="bbox 1215 1778 1976 1822; baseline 0.003 -12"><span class='ocrx_word' id='word_1_381' title='bbox 1215 1778 1304 1820; x_wconf 74' lang='lat' dir='ltr'>gium</span> <span class='ocrx_word' id='word_1_382' title='bbox 1330 1778 1471 1811; x_wconf 89' lang='lat' dir='ltr'>militum</span> <span class='ocrx_word' id='word_1_383' title='bbox 1493 1778 1524 1812; x_wconf 85' lang='lat' dir='ltr'>S.</span> <span class='ocrx_word' id='word_1_384' title='bbox 1551 1778 1681 1821; x_wconf 77' lang='lat' dir='ltr'>Georgii</span> <span class='ocrx_word' id='word_1_385' title='bbox 1711 1779 1911 1822; x_wconf 78' lang='lat' dir='ltr'>praefatum,</span> <span class='ocrx_word' id='word_1_386' title='bbox 1944 1789 1976 1812; x_wconf 86' lang='lat' dir='ltr'>e-</span> 
     </span>
     <span class='ocr_line' id='line_1_84' title="bbox 1217 1831 1976 1874; baseline 0.004 -11"><span class='ocrx_word' id='word_1_387' title='bbox 1217 1831 1332 1874; x_wconf 82' lang='lat' dir='ltr'>iusque</span> <span class='ocrx_word' id='word_1_388' title='bbox 1353 1832 1538 1873; x_wconf 77' lang='lat' dir='ltr'>essentiam,</span> <span class='ocrx_word' id='word_1_389' title='bbox 1561 1843 1657 1865; x_wconf 90' lang='lat' dir='ltr'>usum</span> <span class='ocrx_word' id='word_1_390' title='bbox 1678 1837 1708 1865; x_wconf 88' lang='lat' dir='ltr'>et</span> <span class='ocrx_word' id='word_1_391' title='bbox 1728 1831 1918 1866; x_wconf 82' lang='lat' dir='ltr'>exercitium</span> <span class='ocrx_word' id='word_1_392' title='bbox 1939 1842 1976 1866; x_wconf 84' lang='lat' dir='ltr'>ac</span> 
     </span>
     <span class='ocr_line' id='line_1_85' title="bbox 1217 1885 1977 1930; baseline 0.003 -12"><span class='ocrx_word' id='word_1_393' title='bbox 1217 1885 1317 1929; x_wconf 87' lang='lat' dir='ltr'>ipsius</span> <span class='ocrx_word' id='word_1_394' title='bbox 1328 1886 1444 1927; x_wconf 71' lang='lat' dir='ltr'>officia,</span> <span class='ocrx_word' id='word_1_395' title='bbox 1462 1892 1573 1920; x_wconf 85' lang='lat' dir='ltr'>tenore</span> <span class='ocrx_word' id='word_1_396' title='bbox 1593 1886 1825 1930; x_wconf 87' lang='lat' dir='ltr'>praesentium,</span> <span class='ocrx_word' id='word_1_397' title='bbox 1848 1886 1977 1930; x_wconf 89' lang='lat' dir='ltr'>penitus</span> 
     </span>
     <span class='ocr_line' id='line_1_86' title="bbox 1218 1939 1938 1983; baseline 0.004 -12"><span class='ocrx_word' id='word_1_398' title='bbox 1218 1939 1435 1979; x_wconf 70' lang='lat' dir='ltr'>dissolvimus,</span> <span class='ocrx_word' id='word_1_399' title='bbox 1459 1941 1679 1983; x_wconf 77' lang='lat' dir='ltr'>extinguimus</span> <span class='ocrx_word' id='word_1_400' title='bbox 1704 1945 1734 1973; x_wconf 87' lang='lat' dir='ltr'>et</span> <span class='ocrx_word' id='word_1_401' title='bbox 1758 1940 1938 1974; x_wconf 86' lang='lat' dir='ltr'>abolemus.</span> 
     </span>
    </p>

    <p class='ocr_par' dir='ltr' id='par_1_20' title="bbox 1218 1993 1978 2199">
     <span class='ocr_line' id='line_1_87' title="bbox 1262 1993 1978 2037; baseline 0.001 -12"><span class='ocrx_word' id='word_1_402' title='bbox 1262 1993 1276 2035; x_wconf 67' lang='grc' dir='ltr'>ἓ</span> <span class='ocrx_word' id='word_1_403' title='bbox 1307 1993 1338 2025; x_wconf 71' lang='lat'>4.</span> <span class='ocrx_word' id='word_1_404' title='bbox 1370 1994 1413 2026; x_wconf 78' lang='lat' dir='ltr'>Ne</span> <span class='ocrx_word' id='word_1_405' title='bbox 1444 2000 1551 2027; x_wconf 88' lang='lat' dir='ltr'>autem</span> <span class='ocrx_word' id='word_1_406' title='bbox 1580 1993 1656 2026; x_wconf 83' lang='lat' dir='ltr'>dieti</span> <span class='ocrx_word' id='word_1_407' title='bbox 1686 1993 1814 2037; x_wconf 79' lang='lat' dir='ltr'>collegii</span> <span class='ocrx_word' id='word_1_408' title='bbox 1846 1993 1978 2028; x_wconf 83' lang='lat' dir='ltr'>extincti</span> 
     </span>
     <span class='ocr_line' id='line_1_88' title="bbox 1218 2047 1978 2092; baseline 0.003 -13"><span class='ocrx_word' id='word_1_409' title='bbox 1218 2057 1324 2090; x_wconf 83' lang='lat' dir='ltr'>nuper</span> <span class='ocrx_word' id='word_1_410' title='bbox 1343 2047 1471 2089; x_wconf 84' lang='lat' dir='ltr'>milites,</span> <span class='ocrx_word' id='word_1_411' title='bbox 1489 2058 1526 2081; x_wconf 89' lang='lat' dir='ltr'>ex</span> <span class='ocrx_word' id='word_1_412' title='bbox 1540 2047 1734 2081; x_wconf 79' lang='lat' dir='ltr'>extinctione</span> <span class='ocrx_word' id='word_1_413' title='bbox 1749 2047 1914 2092; x_wconf 61' lang='lat' dir='ltr'>praedicta,</span> <span class='ocrx_word' id='word_1_414' title='bbox 1929 2048 1978 2081; x_wconf 79' lang='lat' dir='ltr'>ni-</span> 
     </span>
     <span class='ocr_line' id='line_1_89' title="bbox 1220 2101 1976 2146; baseline 0.003 -13"><span class='ocrx_word' id='word_1_415' title='bbox 1220 2101 1321 2133; x_wconf 87' lang='lat' dir='ltr'>mium</span> <span class='ocrx_word' id='word_1_416' title='bbox 1344 2101 1549 2146; x_wconf 86' lang='lat' dir='ltr'>dispendium</span> <span class='ocrx_word' id='word_1_417' title='bbox 1571 2102 1748 2145; x_wconf 79' lang='lat' dir='ltr'>patiantur,</span> <span class='ocrx_word' id='word_1_418' title='bbox 1771 2102 1889 2136; x_wconf 85' lang='lat' dir='ltr'>dilecto</span> <span class='ocrx_word' id='word_1_419' title='bbox 1908 2102 1976 2135; x_wconf 86' lang='lat' dir='ltr'>filio</span> 
     </span>
     <span class='ocr_line' id='line_1_90' title="bbox 1220 2155 1977 2199; baseline 0.003 -12"><span class='ocrx_word' id='word_1_420' title='bbox 1220 2155 1422 2188; x_wconf 84' lang='lat' dir='ltr'>thesaurario</span> <span class='ocrx_word' id='word_1_421' title='bbox 1443 2155 1585 2197; x_wconf 69' lang='lat' dir='ltr'>generali</span> <span class='ocrx_word' id='word_1_422' title='bbox 1607 2161 1719 2189; x_wconf 88' lang='lat' dir='ltr'>nostro</span> <span class='ocrx_word' id='word_1_423' title='bbox 1745 2166 1977 2199; x_wconf 72' lang='lat' dir='ltr'>perpraesen-</span> 
     </span>
    </p>
   </div>
   <div class='ocr_carea' id='block_1_14' title="bbox 1975 226 2156 254">
    <p class='ocr_par' dir='ltr' id='par_1_21' title="bbox 1975 226 2156 254">
     <span class='ocr_line' id='line_1_91' title="bbox 1975 226 2156 254; baseline 0.006 -1"><span class='ocrx_word' id='word_1_424' title='bbox 1975 227 2024 253; x_wconf 80' lang='lat' dir='ltr'>An.</span> <span class='ocrx_word' id='word_1_425' title='bbox 2039 226 2069 253; x_wconf 93' lang='lat' dir='ltr'>C.</span> <span class='ocrx_word' id='word_1_426' title='bbox 2092 227 2156 254; x_wconf 66' lang='lat'>¹571</span> 
     </span>
    </p>
   </div>
   <div class='ocr_carea' id='block_1_15' title="bbox 1982 931 2167 1051">
    <p class='ocr_par' dir='ltr' id='par_1_22' title="bbox 1982 931 2167 1051">
     <span class='ocr_line' id='line_1_92' title="bbox 2022 931 2167 952; baseline -0.014 0"><span class='ocrx_word' id='word_1_427' title='bbox 2022 931 2114 952; x_wconf 73' lang='lat' dir='ltr'>Sublatis</span> <span class='ocrx_word' id='word_1_428' title='bbox 2129 932 2167 951; x_wconf 79' lang='lat' dir='ltr'>ita-</span> 
     </span>
     <span class='ocr_line' id='line_1_93' title="bbox 1983 962 2167 990; baseline -0.005 -7"><span class='ocrx_word' id='word_1_429' title='bbox 1983 968 2023 990; x_wconf 76' lang='lat' dir='ltr'>que</span> <span class='ocrx_word' id='word_1_430' title='bbox 2039 963 2116 984; x_wconf 79' lang='lat' dir='ltr'>litteris</span> <span class='ocrx_word' id='word_1_431' title='bbox 2131 962 2167 982; x_wconf 86' lang='lat' dir='ltr'>hu-</span> 
     </span>
     <span class='ocr_line' id='line_1_94' title="bbox 1982 993 2166 1014; baseline 0 0"><span class='ocrx_word' id='word_1_432' title='bbox 1982 993 2074 1014; x_wconf 80' lang='lat' dir='ltr'>iusmodi</span> <span class='ocrx_word' id='word_1_433' title='bbox 2116 998 2166 1014; x_wconf 77' lang='lat' dir='ltr'>ere-</span> 
     </span>
     <span class='ocr_line' id='line_1_95' title="bbox 1982 1025 2068 1051; baseline -0.012 -5"><span class='ocrx_word' id='word_1_434' title='bbox 1982 1025 2068 1051; x_wconf 74' lang='lat' dir='ltr'>ettonis,</span> 
     </span>
    </p>
   </div>
   <div class='ocr_carea' id='block_1_16' title="bbox 1988 1686 2172 1775">
    <p class='ocr_par' dir='ltr' id='par_1_23' title="bbox 1988 1686 2172 1775">
     <span class='ocr_line' id='line_1_96' title="bbox 2016 1686 2172 1714; baseline 0 -6"><span class='ocrx_word' id='word_1_435' title='bbox 2016 1686 2172 1714; x_wconf 72' lang='lat' dir='ltr'>nissotutisque</span> 
     </span>
     <span class='ocr_line' id='line_1_97' title="bbox 1989 1718 2172 1740; baseline -0.005 -1"><span class='ocrx_word' id='word_1_436' title='bbox 1989 1718 2066 1740; x_wconf 81' lang='lat' dir='ltr'>officiis</span> <span class='ocrx_word' id='word_1_437' title='bbox 2103 1718 2172 1739; x_wconf 74' lang='lat' dir='ltr'>dictae</span> 
     </span>
     <span class='ocr_line' id='line_1_98' title="bbox 1988 1750 2086 1775; baseline -0.01 -4"><span class='ocrx_word' id='word_1_438' title='bbox 1988 1750 2086 1775; x_wconf 73' lang='lat' dir='ltr'>militiae,</span> 
     </span>
    </p>
   </div>
   <div class='ocr_carea' id='block_1_17' title="bbox 1991 2007 2176 2127">
    <p class='ocr_par' dir='ltr' id='par_1_24' title="bbox 1991 2007 2176 2127">
     <span class='ocr_line' id='line_1_99' title="bbox 2017 2007 2176 2029; baseline -0.013 0"><span class='ocrx_word' id='word_1_439' title='bbox 2017 2007 2106 2029; x_wconf 75' lang='lat' dir='ltr'>Necnon</span> <span class='ocrx_word' id='word_1_440' title='bbox 2115 2007 2176 2028; x_wconf 83' lang='lat' dir='ltr'>resti-</span> 
     </span>
     <span class='ocr_line' id='line_1_100' title="bbox 1992 2037 2175 2063; baseline 0 -4"><span class='ocrx_word' id='word_1_441' title='bbox 1992 2041 2037 2060; x_wconf 75' lang='lat' dir='ltr'>tuta</span> <span class='ocrx_word' id='word_1_442' title='bbox 2086 2037 2175 2063; x_wconf 72' lang='lat' dir='ltr'>singulis</span> 
     </span>
     <span class='ocr_line' id='line_1_101' title="bbox 1992 2069 2172 2096; baseline -0.006 -6"><span class='ocrx_word' id='word_1_443' title='bbox 1992 2069 2093 2091; x_wconf 74' lang='lat' dir='ltr'>mititibvs</span> <span class='ocrx_word' id='word_1_444' title='bbox 2108 2073 2172 2096; x_wconf 75' lang='lat' dir='ltr'>pecu-</span> 
     </span>
     <span class='ocr_line' id='line_1_102' title="bbox 1991 2101 2034 2127; baseline 0 -6"><span class='ocrx_word' id='word_1_445' title='bbox 1991 2101 2034 2127; x_wconf 71' lang='lat' dir='ltr'>nia,</span> 
     </span>
    </p>
   </div>
   <div class='ocr_carea' id='block_1_18' title="bbox 1221 2199 2015 2252">
    <p class='ocr_par' dir='ltr' id='par_1_25' title="bbox 1221 2199 2015 2252">
     <span class='ocr_line' id='line_1_103' title="bbox 1221 2199 2015 2252; baseline 0.001 -11"><span class='ocrx_word' id='word_1_446' title='bbox 1221 2214 1267 2241; x_wconf 89' lang='lat' dir='ltr'>tes</span> <span class='ocrx_word' id='word_1_447' title='bbox 1287 2208 1487 2251; x_wconf 67' lang='lat' dir='ltr'>iniungimus</span> <span class='ocrx_word' id='word_1_448' title='bbox 1503 2215 1532 2242; x_wconf 88' lang='lat' dir='ltr'>et</span> <span class='ocrx_word' id='word_1_449' title='bbox 1554 2209 1748 2242; x_wconf 90' lang='lat' dir='ltr'>mandamus</span> <span class='ocrx_word' id='word_1_450' title='bbox 1767 2214 1930 2252; x_wconf 87' lang='lat' dir='ltr'>quatenus</span> <span class='ocrx_word' id='word_1_451' title='bbox 1944 2208 1978 2242; x_wconf 92' lang='lat' dir='ltr'>in</span> <span class='ocrx_word' id='word_1_452' title='bbox 2011 2199 2015 2202; x_wconf 30' lang='lat'>³</span> 
     </span>
    </p>
   </div>
   <div class='ocr_carea' id='block_1_19' title="bbox 1221 2261 1978 2360">
    <p class='ocr_par' dir='ltr' id='par_1_26' title="bbox 1221 2261 1978 2360">
     <span class='ocr_line' id='line_1_104' title="bbox 1221 2261 1978 2306; baseline 0.003 -13"><span class='ocrx_word' id='word_1_453' title='bbox 1221 2261 1367 2294; x_wconf 75' lang='lat' dir='ltr'>kalendis</span> <span class='ocrx_word' id='word_1_454' title='bbox 1380 2261 1490 2306; x_wconf 85' lang='lat' dir='ltr'>aprilis</span> <span class='ocrx_word' id='word_1_455' title='bbox 1500 2272 1661 2295; x_wconf 85' lang='lat' dir='ltr'>summam</span> <span class='ocrx_word' id='word_1_456' title='bbox 1673 2261 1876 2305; x_wconf 77' lang='lat' dir='ltr'>septuaginta</span> <span class='ocrx_word' id='word_1_457' title='bbox 1884 2262 1978 2305; x_wconf 87' lang='lat' dir='ltr'>quin-</span> 
     </span>
     <span class='ocr_line' id='line_1_105' title="bbox 1221 2315 1978 2360; baseline 0.003 -13"><span class='ocrx_word' id='word_1_458' title='bbox 1221 2325 1284 2358; x_wconf 83' lang='lat' dir='ltr'>que</span> <span class='ocrx_word' id='word_1_459' title='bbox 1305 2315 1444 2348; x_wconf 90' lang='lat' dir='ltr'>millium</span> <span class='ocrx_word' id='word_1_460' title='bbox 1465 2322 1645 2356; x_wconf 80' lang='lat' dir='ltr'>scutorum,</span> <span class='ocrx_word' id='word_1_461' title='bbox 1672 2315 1792 2360; x_wconf 87' lang='lat' dir='ltr'>quibus</span> <span class='ocrx_word' id='word_1_462' title='bbox 1807 2315 1840 2348; x_wconf 90' lang='lat' dir='ltr'>in</span> <span class='ocrx_word' id='word_1_463' title='bbox 1860 2326 1978 2349; x_wconf 82' lang='lat' dir='ltr'>oecur-</span> 
     </span>
    </p>
   </div>
   <div class='ocr_carea' id='block_1_20' title="bbox 1222 2369 1980 2659">
    <p class='ocr_par' dir='ltr' id='par_1_27' title="bbox 1222 2369 1980 2659">
     <span class='ocr_line' id='line_1_106' title="bbox 1222 2369 1978 2403; baseline 0.001 -1"><span class='ocrx_word' id='word_1_464' title='bbox 1222 2370 1368 2402; x_wconf 88' lang='lat' dir='ltr'>rentibus</span> <span class='ocrx_word' id='word_1_465' title='bbox 1381 2375 1457 2402; x_wconf 82' lang='lat' dir='ltr'>tunc</span> <span class='ocrx_word' id='word_1_466' title='bbox 1480 2369 1726 2403; x_wconf 81' lang='lat' dir='ltr'>necessitatibus</span> <span class='ocrx_word' id='word_1_467' title='bbox 1751 2369 1898 2403; x_wconf 85' lang='lat' dir='ltr'>eamdem</span> <span class='ocrx_word' id='word_1_468' title='bbox 1922 2369 1978 2403; x_wconf 87' lang='lat' dir='ltr'>Se-</span> 
     </span>
     <span class='ocr_line' id='line_1_107' title="bbox 1223 2419 1979 2463; baseline 0.001 -11"><span class='ocrx_word' id='word_1_469' title='bbox 1223 2420 1296 2452; x_wconf 88' lang='lat' dir='ltr'>dem</span> <span class='ocrx_word' id='word_1_470' title='bbox 1316 2425 1463 2463; x_wconf 87' lang='lat' dir='ltr'>tempore</span> <span class='ocrx_word' id='word_1_471' title='bbox 1484 2419 1695 2453; x_wconf 86' lang='lat' dir='ltr'>institutionis</span> <span class='ocrx_word' id='word_1_472' title='bbox 1715 2419 1861 2463; x_wconf 87' lang='lat' dir='ltr'>ipsorum</span> <span class='ocrx_word' id='word_1_473' title='bbox 1882 2419 1979 2453; x_wconf 84' lang='lat' dir='ltr'>colle-</span> 
     </span>
     <span class='ocr_line' id='line_1_108' title="bbox 1222 2468 1980 2512; baseline 0.001 -12"><span class='ocrx_word' id='word_1_474' title='bbox 1222 2468 1265 2511; x_wconf 75' lang='lat' dir='ltr'>gii</span> <span class='ocrx_word' id='word_1_475' title='bbox 1287 2468 1517 2507; x_wconf 70' lang='lat' dir='ltr'>subvenerunt,</span> <span class='ocrx_word' id='word_1_476' title='bbox 1540 2468 1676 2511; x_wconf 81' lang='lat' dir='ltr'>singulis</span> <span class='ocrx_word' id='word_1_477' title='bbox 1701 2478 1760 2512; x_wconf 89' lang='lat' dir='ltr'>pro</span> <span class='ocrx_word' id='word_1_478' title='bbox 1785 2473 1854 2501; x_wconf 85' lang='lat' dir='ltr'>rata</span> <span class='ocrx_word' id='word_1_479' title='bbox 1873 2478 1980 2511; x_wconf 87' lang='lat' dir='ltr'>nuper</span> 
     </span>
     <span class='ocr_line' id='line_1_109' title="bbox 1224 2515 1979 2560; baseline -0.001 -11"><span class='ocrx_word' id='word_1_480' title='bbox 1224 2517 1432 2550; x_wconf 86' lang='lat' dir='ltr'>existentibus</span> <span class='ocrx_word' id='word_1_481' title='bbox 1452 2517 1619 2557; x_wconf 89' lang='lat' dir='ltr'>militibus,</span> <span class='ocrx_word' id='word_1_482' title='bbox 1634 2517 1721 2549; x_wconf 83' lang='lat' dir='ltr'>iuxta</span> <span class='ocrx_word' id='word_1_483' title='bbox 1737 2515 1872 2560; x_wconf 84' lang='lat' dir='ltr'>praefati</span> <span class='ocrx_word' id='word_1_484' title='bbox 1888 2515 1979 2549; x_wconf 89' lang='lat' dir='ltr'>Pauli</span> 
     </span>
     <span class='ocr_line' id='line_1_110' title="bbox 1225 2563 1980 2609; baseline -0.003 -10"><span class='ocrx_word' id='word_1_485' title='bbox 1225 2565 1482 2609; x_wconf 84' lang='lat' dir='ltr'>praedecessoris</span> <span class='ocrx_word' id='word_1_486' title='bbox 1518 2565 1550 2598; x_wconf 90' lang='lat' dir='ltr'>in</span> <span class='ocrx_word' id='word_1_487' title='bbox 1572 2565 1685 2599; x_wconf 88' lang='lat' dir='ltr'>litteris</span> <span class='ocrx_word' id='word_1_488' title='bbox 1717 2564 1819 2609; x_wconf 89' lang='lat' dir='ltr'>ipsius</span> <span class='ocrx_word' id='word_1_489' title='bbox 1851 2563 1980 2608; x_wconf 85' lang='lat' dir='ltr'>collegii</span> 
     </span>
     <span class='ocr_line' id='line_1_111' title="bbox 1224 2613 1980 2659; baseline -0.003 -10"><span class='ocrx_word' id='word_1_490' title='bbox 1224 2615 1437 2649; x_wconf 85' lang='lat' dir='ltr'>institutionis</span> <span class='ocrx_word' id='word_1_491' title='bbox 1452 2615 1637 2659; x_wconf 87' lang='lat' dir='ltr'>appositum</span> <span class='ocrx_word' id='word_1_492' title='bbox 1649 2615 1829 2655; x_wconf 85' lang='lat' dir='ltr'>decretum,</span> <span class='ocrx_word' id='word_1_493' title='bbox 1843 2623 1920 2657; x_wconf 88' lang='lat' dir='ltr'>quo,</span> <span class='ocrx_word' id='word_1_494' title='bbox 1930 2613 1980 2653; x_wconf 87' lang='lat' dir='ltr'>in-</span> 
     </span>
    </p>
   </div>
  </div>
 </body>
</html>
