2237 3100
888 243 985 268 mnex
1004 243 1114 269 annum
1648 233 1735 269 1015

320 296 516 341 respondere
531 301 692 336 tenentur,
706 295 785 328 ibid.
807 294 992 330 Cardinales
1006 307 1071 330 non
1091 296 1309 330 excluduntur
1329 306 1347 329 a
1359 295 1533 336 vetatione,
1551 305 1785 339 quarumcum-

320 360 383 393 que
396 359 607 383 censurarum
624 353 802 392 praetextu,
825 348 889 382 023ss
911 360 942 382 a.

231 403 374 448 Populus
383 403 559 444 Romanus,
570 401 625 435 Pio
634 402 657 435 V
670 402 830 443 hortante,
845 408 1000 435 statutum
1016 403 1156 436 condidit
1172 414 1230 448 pro
1242 403 1328 443 dote,
1341 402 1531 436 muneribus
1543 406 1574 435 et
1586 402 1785 435 ornamentis

322 462 495 495 mulierum
514 489 521 503 ,
548 460 612 495 596
642 472 674 494 a.
705 460 795 500 Quod
826 471 844 493 a
863 460 1019 494 Pontifice
1040 462 1271 503 confirmatur,
1302 462 1380 495 ibid.
1417 461 1529 495 Dotem
1566 470 1670 494 octone
1692 466 1782 493 scuta

320 516 476 550 excedere
496 526 561 549 non
580 525 674 560 posse
690 515 887 556 decernitur,
911 515 990 548 ibid.
1014 515 1042 548 b.
1066 515 1271 548 Notariorum
1294 516 1326 548 in
1347 515 1547 549 contrarium
1570 514 1785 547 instrumenta

320 569 562 603 conficientium
574 579 708 614 poenae,
723 579 849 602 necnon
864 568 1078 601 mediatorum
1094 568 1296 612 aliorumque
1312 569 1480 613 seripturis
1492 568 1719 602 huiuscemodi
1734 568 1785 600 in-

319 622 579 663 tervenientium,
607 621 670 656 597
687 622 715 655 b.
731 622 854 667 Sponsa
875 631 940 654 non
967 626 1072 665 potest.
1096 622 1134 654 ad
1148 632 1299 666 pompam
1326 621 1574 667 paraphernalia
1595 621 1782 661 ostendere,

318 676 397 708 ibid.
429 676 604 709 Moderatio
630 686 801 709 munerum
823 675 908 708 inter
925 675 1080 717 coniuges
1100 681 1131 708 et
1151 675 1274 717 affines,
1298 675 1361 710 598
1387 688 1417 710 ιι.

231 728 494 762 Praedicatorum
515 728 611 763 Ordo.
642 729 676 761 V.
699 728 858 762 Dominici
879 727 941 771 (S.)
961 727 1058 761 Ordo.

230 782 564 817 Praemonstratenses
589 784 704 816 fratres
728 782 907 816 secundum
929 782 1109 825 regularem
1128 782 1362 815 observantiam
1383 782 1415 816 S.
1444 782 1627 826 Augustini,
1651 793 1714 816 non
1735 793 1785 817 se-

319 836 461 869 cundum
483 836 717 869 observantiam
739 836 874 869 fratrum
895 835 927 868 S.
950 835 1148 880 Hieronymi,
1173 836 1395 869 rcfmanamlos
1416 847 1484 869 esse
1506 837 1732 870 declaratPius
1748 837 1782 878 V,

318 889 382 923 662
402 890 431 923 b.
458 889 584 924 Fratres
599 890 630 923 S.
653 890 841 935 Hieronymi
869 889 1048 922 nullimode
1070 890 1101 922 in
1127 889 1164 922 iis
1189 900 1272 933 quae
1292 890 1331 922 ad
1355 890 1690 925 Praemonstratenses
1712 901 1784 935 per-

319 944 421 976 tinent
438 943 621 977 immiscere
635 955 667 977 se
689 944 819 985 debent,
843 944 921 976 ibid.
951 943 983 976 V.
1003 943 1190 984 Regulares.

229 995 458 1030 Procuratores
483 996 664 1030 litterarum
686 997 972 1030 contradictarum.
1004 996 1035 1029 V.
1064 995 1261 1029 Cancellaria
1285 996 1479 1040 Apostolica.

228 1049 457 1083 Procuratores
487 1049 519 1083 S.
553 1049 833 1084 Poenitentiariae.
868 1050 901 1083 V.
944 1049 1195 1083 Matrimoniales
1237 1049 1505 1094 dispensationes,
1532 1050 1783 1084 Poenitentiaria

319 1103 515 1147 Apostolica.

229 1155 424 1190 Procurator
447 1156 576 1189 fiscalis.
607 1157 639 1190 V.
663 1157 861 1190 Tribunalia.

228 1208 423 1244 proxenetae
440 1209 540 1254 Ripae
561 1210 664 1243 almae
685 1210 779 1244 Urbis
803 1216 954 1244 tenentur
974 1210 1096 1243 solvere
1117 1210 1224 1243 nautis
1244 1216 1274 1244 et
1295 1210 1528 1243 mercatoribus
1554 1209 1692 1254 pretium
1719 1209 1782 1243 vini

319 1263 365 1297 eis
386 1263 602 1297 mediantibus
618 1264 750 1305 venditi,
770 1264 856 1308 quod
877 1274 941 1297 non
956 1264 1121 1296 solverunt
1145 1269 1318 1308 emptoreS,
1340 1263 1402 1297 148
1423 1264 1439 1296 b
1460 1270 1487 1296 et
1510 1275 1570 1308 seq.

229 1315 353 1350 Pucciis
377 1317 444 1360 (de)
470 1317 654 1350 cardinalis.
685 1317 717 1350 V.
741 1317 960 1360 Inquisitionis
976 1317 1038 1361 (S.)
1057 1316 1219 1350 Officium.

229 1368 387 1413 Pugiones
407 1369 535 1413 aliaque
557 1370 587 1403 id
608 1381 709 1413 genus
730 1381 819 1403 arma
839 1370 986 1403 breviora
1001 1369 1103 1402 tribus
1123 1370 1239 1414 palitiis
1260 1370 1291 1402 in
1309 1370 1399 1403 Statu
1412 1370 1637 1403 Ecclesiastico
1657 1369 1782 1403 deferre

318 1422 520 1467 prohibetur,
533 1423 597 1458 966
617 1435 648 1458 a.
671 1424 870 1458 Officialibus
891 1423 1057 1457 inhibetur
1069 1434 1108 1457 ne
1129 1424 1270 1468 desuper
1283 1424 1430 1458 licentias
1446 1424 1636 1457 concedant.
1653 1423 1731 1457 ibid.
1751 1423 1779 1455 b.

986 1602 1028 1655 Q

226 1724 426 1768 Ouignonius
447 1724 619 1757 cardinalis
639 1724 841 1757 Franciscus.
872 1724 904 1756 V.
932 1723 1034 1756 Divini
1052 1723 1149 1757 oflicii
1170 1724 1284 1756 forma.

988 1902 1027 1941 R

230 2014 390 2049 Rebelles.
419 2014 453 2048 V.
476 2014 677 2048 Ilomicidae.

230 2072 384 2105 Rectores
409 2068 610 2102 Studiorum.
640 2067 673 2101 V.
696 2067 860 2101 Doctores.

228 2122 447 2158 Referendarii
474 2122 662 2165 Signaturae
684 2121 822 2155 iustitiae
856 2120 991 2154 Romani
1012 2120 1176 2153 Pontificis
1196 2130 1279 2164 quae
1310 2120 1482 2153 observare
1504 2122 1675 2152 teneantur
1695 2117 1780 2152 circa

321 2175 569 2211 commissiones
590 2175 621 2208 in
639 2175 706 2220 ipsa
726 2174 897 2218 Signatura
922 2174 1068 2214 reiectas,
1088 2173 1285 2206 avocatorias
1305 2179 1335 2206 et
1355 2172 1433 2205 alias
1453 2172 1701 2216 praeiudiciales
1720 2182 1779 2205 nec

318 2241 384 2264 non
406 2230 680 2274 praeinsertarum
700 2228 952 2268 reformatori-as,
983 2227 1048 2260 0225
1077 2239 1111 2269 a,
1141 2227 1227 2260 cirea
1247 2227 1491 2260 commissiones
1511 2225 1778 2270 appellationum,

317 2283 516 2324 nullitatum,
538 2288 767 2316 attentatorum
788 2288 818 2315 et
842 2281 1081 2326 prorogationis
1106 2281 1270 2320 fatalium,
1293 2281 1371 2313 ibid.
1399 2280 1431 2317 ὸς
1465 2279 1549 2312 circa
1572 2289 1699 2312 caussas
1719 2278 1781 2311 cri-

320 2337 468 2377 minales,
491 2336 756 2377 matrimoniales,
772 2335 985 2369 restitutionis
1008 2334 1039 2367 in
1061 2334 1233 2378 integrum,
1254 2334 1349 2373 ibat,-
1374 2333 1457 2366 circa
1480 2332 1692 2366 terminorum
1713 2331 1778 2365 rei—

318 2389 522 2430 terationem,
540 2389 637 2430 ibid„-
657 2389 742 2422 circa
763 2399 975 2433 expensarum
991 2387 1184 2421 taxationem
1201 2393 1231 2420 et
1248 2397 1376 2419 caussas
1389 2385 1638 2426 discussionuni,
1659 2383 1724 2417 226
1742 2395 1777 2421 ιι,-

317 2443 404 2476 circa
428 2442 633 2476 haereditatis
653 2442 863 2483 additionem,
881 2440 1049 2475 inventarii
1064 2440 1300 2474 confectionem
1322 2444 1351 2473 et
1372 2439 1611 2472 discussionum
1632 2448 1776 2479 caussas,

317 2496 397 2529 ibid.
421 2495 600 2529 Declaratio
621 2496 707 2530 circa
731 2496 909 2540 praedicta,
932 2496 1011 2528 ibid.
1027 2495 1057 2528 b.
1231 2501 1233 2504 ’

229 2550 354 2593 Regens
374 2549 537 2584 Gamerae.
567 2549 601 2583 V.
629 2550 848 2583 Auditoratus.

229 2604 405 2648 Regulares
424 2603 510 2636 licite
531 2603 663 2647 parochi
685 2603 828 2636 officium
850 2608 1000 2636 exercent
1020 2602 1052 2635 in
1073 2601 1166 2635 Novis
1194 2600 1303 2641 Indiis,
1337 2600 1378 2633 oh
1399 2599 1659 2644 presbyterorum
1689 2598 1777 2632 defe-

320 2663 420 2698 ctum,
443 2655 507 2691 558
521 2657 549 2691 b.
568 2656 688 2691 Eorum
702 2656 880 2701 privilegia,
902 2661 1030 2701 practer
1044 2656 1124 2689 iuris
1144 2653 1327 2688 communis
1346 2653 1589 2698 dispositionem
1611 2663 1775 2694 concessa,
