2237 3100
64 296 116 323 An.
132 296 161 324 C.
179 292 245 323 ¹56⁷

80 1046 158 1067 Milite·
171 1049 191 1067 et
202 1046 245 1067 ullm

59 1083 164 1104 personae
193 1079 246 1099 reti-

59 1109 130 1134 giosae
172 1110 245 1136 prohi-

59 1140 134 1162 bentur
174 1146 244 1161 corani

59 1171 105 1191 aliis
144 1171 243 1196 litigare,

59 1207 97 1222 sou
119 1208 243 1229 comparere

60 1238 96 1258 pro
106 1234 171 1253 instit,
183 1240 243 1260 quam

58 1269 127 1285 coram
141 1265 244 1285 iudicibus

59 1293 184 1320 Religionis,

100 1698 197 1719 Potestas
222 1704 243 1720 et

67 1730 176 1750 urtsdieuo
199 1737 244 1750 ma-

60 1761 118 1786 gistri
147 1764 168 1781 ει
192 1768 244 1782 eon-

59 1794 133 1812 vontus
181 1798 244 1819 super

59 1824 155 1849 personis
171 1827 192 1844 et
210 1830 243 1844 re-

58 1853 104 1880 bus;

948 294 1016 319 PIUS
1040 295 1057 318 V
1083 294 1130 319 PP.

262 351 439 379 conventus
460 347 699 390 praefatorum,
730 347 762 380 in
787 347 951 391 quibusvis
979 359 1015 381 ex

263 400 435 443 praedictis
462 406 573 433 contra
598 412 653 434 eos
674 400 869 434 intentaudis
895 402 1013 438 causis,

262 453 299 485 ad
322 455 578 497 comparendum
597 465 706 488 coram
728 455 804 498 ipsis
824 460 852 487 et
866 455 1017 488 commis-

261 507 353 540 sariis
378 519 436 552 per
469 519 524 541 eos
542 535 549 545 ,
581 514 616 541 ut
645 509 850 552 praefertur,
883 509 1017 552 deputa-

262 561 300 593 tis
317 588 325 602 ,
348 561 380 594 in
405 562 485 595 locis
518 568 821 606 quantumcumque
842 563 880 595 ab
901 563 1014 596 eodem

262 614 412 657 hospitali
428 615 573 655 remotis,
587 615 673 648 citati
689 615 821 658 suerint.)
832 626 941 648 coram
952 616 1015 649 eis-

261 666 334 700 dem
361 669 532 711 magistro,
569 674 726 702 conventu
758 674 789 702 et
826 669 1015 702 commissa-

262 721 330 761 riis,
353 727 450 765 prout
468 722 648 765 contigerit,
666 722 808 765 legitime
825 733 1016 766 comparere

261 774 397 807 debeant
429 781 459 808 et
487 781 679 815 teneantur⁷
716 776 779 808 iuri
812 782 842 809 et
876 777 1016 809 iustitiae

260 828 454 871 (secundum
482 829 715 869 stabilimenta,
742 830 1014 873 approbationes,

261 892 340 914 usus
359 887 390 915 et
410 883 590 915 laudabiles
611 875 865 916 consuetudines
882 884 1015 928 praefati

261 935 444 979 hospitalis)
466 936 614 979 parituri.

304 990 319 1033 ἓ
339 989 392 1022 ⁶20.
412 990 569 1033 Quodque
594 991 640 1024 illi
662 1002 698 1025 ex
719 991 893 1035 prioribus,
923 1002 1016 1036 prae-

260 1043 459 1086 ceptoribus,
482 1045 636 1078 fratribus
656 1045 831 1078 etsubditis
852 1046 1014 1088 praefatis,

260 1097 316 1140 qui
337 1103 449 1130 contra
470 1109 582 1131 corum
604 1099 745 1142 aliquem
764 1109 862 1142 super
881 1099 1016 1143 quibus-

260 1150 304 1182 vis
324 1150 477 1193 querelis,
498 1151 595 1184 rebus
624 1153 671 1185 vel
692 1152 847 1195 negociis,
872 1158 1016 1195 praeter-
1037 1171 1039 1186 ι

259 1214 356 1246 (μιῑῑιη
396 1203 428 1236 in
464 1205 592 1237 casibus
625 1205 788 1249 praefatis,
816 1216 924 1238 coram
953 1206 1015 1238 alio

259 1267 356 1299 quam
378 1258 530 1301 praefatis
551 1258 703 1301 magistro
724 1264 755 1292 ct
775 1263 956 1299 conventu,
980 1270 1017 1292 ac

259 1321 318 1353 per
337 1321 391 1343 eos
411 1322 471 1354 pro
492 1318 637 1355 tempore
665 1313 747 1345 (latis
771 1312 1013 1353 commissariis,

259 1364 290 1397 in
313 1375 443 1398 causam
464 1366 632 1406 traxerint,
655 1371 685 1399 et
709 1366 748 1399 ad
783 1366 883 1398 alium
918 1376 1015 1409 (piam

257 1419 296 1451 ad
318 1419 448 1452 eosdem
469 1420 704 1463 appellationes
724 1430 949 1463 quascumque
966 1420 1015 1452 in-

258 1472 478 1516 terposuerint
494 1499 501 1513 ,
522 1484 636 1507 causas
669 1473 857 1507 huiusmodi
882 1484 1016 1518 prorsus

258 1526 404 1570 perdant,
426 1538 526 1570 reque
543 1555 550 1568 ,
573 1538 672 1571 super
691 1539 755 1571 qua
775 1528 1013 1567 contenderint,

259 1579 372 1623 privati
394 1581 530 1614 existant
547 1592 585 1615 eo
607 1581 688 1625 ipso.

303 1633 317 1677 ἓ
335 1633 388 1666 21.
412 1634 543 1668 Nernon
555 1636 732 1669 modernus
743 1640 774 1668 et
789 1646 848 1679 pro
868 1641 1014 1678 tempore

259 1687 396 1720 existens
417 1689 571 1731 magister
591 1694 621 1722 et
646 1694 824 1722 conventus
848 1689 1015 1733 hospitalis
1035 1715 1037 1720 ,

259 1739 447 1774 huiusmodi
482 1742 583 1785 (iuxta
618 1743 705 1775 illius
735 1743 950 1775 stabilimenta
985 1748 1011 1775 ct

259 1794 437 1829 laudabiles
470 1796 722 1839 consuetudines
761 1808 797 1829 ac
830 1797 949 1838 mores)
983 1796 1014 1828 in

256 1848 419 1891 prioratus
439 1856 469 1883 et
491 1851 754 1894 praeceptorias,
776 1851 890 1883 domos
908 1877 915 1891 ,
939 1850 1014 1883 lios-

257 1901 378 1945 pitalia,
402 1904 560 1943 membra,
584 1905 668 1937 bona
689 1909 719 1937 et
739 1904 810 1937 loca
835 1914 1014 1946 quaecum-

256 1966 331 1998 que,
355 1966 481 1989 necnon
502 1968 728 2001 quoscumque
749 1958 896 2001 priores,
924 1968 1015 2001 prae*-

257 2014 417 2052 ceptores,
441 2010 555 2044 fratres
571 2017 601 2044 et
622 2021 777 2055 personas
797 2011 965 2055 hospitalis
985 2016 1015 2043 et

257 2062 432 2105 Religionis
448 2064 649 2105 huiusmodi,
663 2076 700 2097 ac
711 2064 842 2097 illorum
852 2065 1013 2104 vassallos,

257 2115 402 2149 subditos
422 2122 453 2150 et
486 2118 666 2156 servitores,
692 2118 917 2161 ubicumque,
949 2123 1013 2151 tam

258 2169 338 2202 citra
362 2181 459 2213 quam
482 2172 565 2204 ultra
591 2177 740 2211 montes,
777 2182 864 2204 nunc
894 2178 925 2204 et
956 2182 1014 2214 pro

260 2228 406 2267 tempore
428 2223 621 2257 constitutos
641 2230 671 2257 et,
691 2230 931 2257 commorantes
945 2225 1014 2268 (qui

259 2287 372 2309 omnes
408 2278 562 2319 magistro
601 2283 631 2310 et
660 2278 878 2320 subdelegatis
907 2279 946 2311 ab
977 2288 1014 2311 eo

260 2329 408 2371 tirmiter,
432 2336 495 2363 tam
518 2331 731 2374 personaliter
751 2342 848 2375 quam
876 2332 1014 2373 realiter,

259 2383 347 2415 omni
368 2384 556 2428 exceptione
577 2391 733 2425 cessante,
756 2390 786 2417 et
805 2396 1014 2430 quocumque

259 2447 276 2468 a
297 2437 389 2470 nobis
410 2438 456 2470 vel
486 2438 567 2471 Sede
603 2438 766 2482 praedicta
800 2439 931 2473 obtento
967 2441 1014 2473 vel

259 2490 435 2524 obtinendo
465 2492 591 2525 indulto
621 2502 685 2525 non
710 2493 876 2533 obstante,
902 2504 1014 2536 parere

259 2543 291 2571 et
311 2539 441 2573 obedire
463 2541 648 2583 teneantur)
669 2541 846 2583 plenariam
859 2548 889 2575 et
909 2542 1014 2575 omni-

261 2590 402 2630 modam,
426 2591 521 2624 etiam
544 2591 624 2623 meri
650 2596 680 2623 et
700 2590 789 2623 mixti
815 2591 943 2635 imperii
964 2592 1014 2625 iu-

263 2638 481 2673 risdictionem
505 2645 536 2673 et
556 2640 830 2684 superioritatem.

305 2688 320 2730 ἓ
339 2688 392 2722 ⁶22.
416 2690 552 2733 Ipseque
568 2690 729 2733 magister,
751 2696 862 2724 contra
880 2691 1016 2725 rebelles

1705 283 1770 317 523
1832 295 1882 321 An.
1899 294 1928 321 c.
1949 287 2018 321 ¹56?

1872 355 2016 377 l‘rocedendt-

1833 393 1872 413 quo
1891 390 1965 407 contra
1981 393 2017 408 1·ss-

1058 352 1088 380 et
1108 347 1174 380 suis
1204 346 1362 380 mandatis
1391 356 1456 379 non
1487 345 1673 379 obedientes
1690 372 1697 386 ,
1718 346 1813 379 etiam

1059 400 1165 443 vigore
1186 400 1354 433 literarum
1376 399 1643 443 apostolicarum,
1666 399 1760 432 etiam
1783 400 1814 433 in
1833 418 2018 439 betnsswffnm.-

1059 454 1162 486 sorma
1182 454 1311 495 brevis,
1339 465 1356 486 a
1390 453 1483 486 nobis
1517 459 1548 486 et
1573 453 1816 487 successoribus
1833 450 2020 505 322¹¹ffigmffiffl

1059 507 1177 540 nostris
1193 518 1252 551 pro
1279 512 1425 550 tempore
1446 512 1682 547 einanatarum,
1710 518 1815 540 serva·
1834 510 1927 532 uuum,
1956 514 2017 530 ΜΨ

1833 542 1857 560 ad
1879 542 2018 567 'aiu-imiimi·

1059 560 1098 593 tis
1118 566 1258 603 quatuor
1278 560 1426 593 terminis
1451 560 1490 593 ad
1511 560 1694 593 docendum
1714 571 1747 593 se
1759 572 1816 604 pa-
1834 572 2017 607 ιωηυηςῑυμηυη.

1059 615 1161 646 ruisse
1193 619 1224 646 et
1249 613 1440 647 satisfecisse
1474 614 1507 646 in
1541 614 1612 647 loco
1638 619 1816 647 conventus
1833 603 2017 659 {fflflssissb'ffl'oew

1059 667 1227 710 hospitalis
1252 666 1439 700 huiusmodi
1459 694 1466 708 ,
1486 672 1557 710 post
1576 667 1718 710 legitime
1743 678 1816 701 exe-

1060 724 1166 752 cutam
1189 720 1328 764 primam
1350 720 1534 753 citationem
1555 747 1561 761 ,
1592 721 1631 753 ad
1661 721 1816 754 mulctam

1059 773 1122 805 sive
1145 783 1284 816 poenam
1307 774 1533 817 personaliter,
1556 773 1643 807 iuxta
1659 785 1767 808 mores
1787 779 1819 808 et

1059 826 1275 860 stabilimenta
1297 828 1474 871 praedicta,
1498 839 1554 861 seu
1576 828 1672 861 etiam
1694 828 1733 861 ad
1749 828 1817 872 pri-

1059 879 1219 913 vationem
1241 881 1370 913 babitus
1390 886 1417 914 et
1436 881 1684 922 beneficiorum,
1702 882 1817 915 domo-

1060 944 1133 966 rum
1155 939 1185 966 et
1206 934 1415 978 praediorum
1437 946 1496 978 per
1520 945 1575 968 eos
1594 935 1815 977 obtentorum,

1059 987 1271 1031 procedendi;
1291 989 1338 1020 vel
1360 988 1469 1029 etiam,
1493 988 1517 1021 si
1540 989 1641 1031 magis
1667 989 1817 1033 expedire

1059 1040 1219 1074 videbitur
1237 1068 1244 1082 ,
1267 1042 1427 1075 beneficia
1445 1068 1452 1082 ,
1475 1042 1589 1075 domos
1622 1047 1653 1075 et
1686 1043 1818 1086 praedia

1060 1094 1129 1138 ipsa
1149 1095 1188 1127 ad
1207 1106 1323 1128 manus
1344 1106 1418 1128 suas
1441 1106 1498 1128 seu
1515 1101 1723 1139 receptorum
1740 1096 1816 1130 dicti

1059 1147 1228 1191 hospitalis
1258 1149 1448 1189 reducendi,
1472 1154 1503 1182 et
1527 1149 1644 1192 (donec
1664 1149 1724 1192 ipsi
1746 1149 1818 1183 ino-

1059 1200 1225 1235 bedientes
1254 1202 1493 1236 contumaciam
1529 1203 1738 1246 purgaverint
1759 1229 1766 1243 ,
1789 1209 1820 1236 et

1059 1253 1166 1286 debita
1187 1265 1287 1288 onera
1308 1255 1533 1300 persolverint)
1553 1267 1613 1300 pro
1642 1267 1701 1290 suo
1731 1256 1818 1290 arbi-

1059 1307 1121 1339 trio
1139 1308 1310 1349 retinendi,
1337 1309 1469 1342 illorum
1496 1310 1639 1350 fructus,
1674 1310 1819 1344 redditus

1059 1366 1090 1394 et
1110 1367 1285 1404 proventus
1304 1362 1499 1396 arrendandi
1521 1368 1551 1396 et
1571 1363 1783 1407 percipiendi.

1103 1415 1117 1458 ξ
1138 1414 1192 1449 23.
1214 1415 1347 1449 Necnon
1364 1427 1476 1449 omnes
1488 1423 1519 1450 et
1534 1416 1677 1460 singulas
1693 1428 1817 1459 causas,

1058 1468 1129 1502 lites
1150 1474 1180 1501 et
1200 1470 1349 1512 querelas
1377 1470 1537 1513 (nondum
1574 1476 1680 1504 tamen
1707 1482 1816 1505 coram

1058 1522 1129 1554 aliis
1150 1523 1314 1556 iudicibus
1334 1529 1437 1557 motas
1457 1529 1487 1556 et
1507 1524 1698 1568 pendentes)
1719 1536 1817 1569 super

1058 1575 1224 1618 quibusvis
1258 1577 1334 1610 dicti
1369 1577 1539 1622 hospitalis
1578 1578 1745 1612 beneficiis
1779 1590 1816 1611 ac

1057 1629 1161 1669 bonis,
1174 1630 1272 1663 rebus
1292 1637 1320 1663 et
1339 1630 1488 1674 pecuniis
1500 1631 1618 1664 aerarii
1637 1632 1815 1665 etsratrum

1057 1693 1356 1727 quorumcumque,
1379 1684 1411 1717 in
1432 1685 1552 1727 quibus
1577 1684 1661 1718 inter
1681 1696 1713 1718 se
1730 1685 1817 1729 ipsos

1058 1735 1207 1777 invicem,
1231 1737 1361 1770 realiter
1394 1738 1457 1771 sive
1488 1739 1713 1782 personaliter,
1738 1749 1815 1771 con-

1057 1789 1184 1822 venient
1208 1800 1264 1823 seu
1276 1791 1521 1832 convenientur,
1545 1796 1641 1834 atque
1667 1791 1761 1825 etiam
1784 1792 1816 1824 in

1057 1842 1177 1885 quibus
1197 1844 1236 1876 ab
1261 1844 1342 1883 aliis,
1365 1844 1460 1877 etiam
1482 1845 1619 1885 clericis,
1641 1845 1815 1878 saeculari-

1057 1895 1118 1928 bus
1139 1897 1185 1929 vel
1212 1898 1417 1940 regularibus
1437 1924 1444 1938 ,
1467 1904 1523 1931 aut
1548 1898 1638 1932 laicis
1669 1898 1816 1932 similiter

1058 1950 1304 1992 convenientur,
1328 1951 1423 1984 etiam
1445 1962 1503 1995 per
1522 1952 1693 1995 deputatos
1712 1953 1815 1992 abeis,

1058 2002 1089 2035 in
1111 2004 1190 2037 locis
1220 2005 1251 2037 in
1281 2005 1401 2048 quibus
1427 2016 1543 2039 causae
1573 2005 1662 2049 ipsae
1693 2016 1814 2049 cogno-

1057 2062 1200 2098 scentur,
1237 2059 1390 2091 audiendi
1416 2065 1447 2091 et
1477 2059 1673 2099 decidendi,
1695 2070 1815 2103 eosque

1057 2105 1190 2147 citandi,
1210 2111 1249 2147 et,
1266 2107 1392 2150 quoties
1408 2118 1490 2151 opus
1506 2108 1614 2148 suerit,
1633 2108 1813 2149 inhibendi,

1058 2155 1154 2187 etiam
1181 2156 1240 2188 sub
1261 2157 1409 2190 censuris
1429 2164 1459 2190 et
1480 2157 1593 2201 poenis
1615 2157 1814 2191 ecclesiasti-

1057 2203 1115 2243 cis,
1138 2209 1202 2237 tam
1224 2205 1256 2238 in
1283 2206 1375 2239 curia
1402 2206 1567 2249 praedicta
1600 2217 1698 2250 quam
1727 2212 1815 2240 extra

1058 2263 1141 2292 eam,
1165 2253 1348 2287 facultatem
1371 2254 1522 2288 babeant.

1101 2303 1116 2345 ξ
1135 2302 1189 2335 24.
1212 2303 1345 2336 Necnon
1367 2304 1498 2337 illorum
1520 2304 1697 2338 sententiae
1714 2311 1744 2338 et
1763 2315 1814 2338 res

1057 2350 1210 2392 iudicata,
1232 2362 1291 2396 per
1312 2352 1453 2395 priorem
1471 2354 1626 2387 ecclesiae
1642 2353 1718 2386 dicti
1735 2365 1813 2387 con-

1057 2404 1171 2432 ventus
1192 2426 1199 2440 ‚
1230 2400 1325 2433 etiam
1365 2401 1425 2434 sub
1459 2403 1606 2436 censuris
1635 2408 1666 2436 et
1700 2404 1814 2446 poenis

1057 2449 1296 2490 ecclesiasticis,
1320 2455 1430 2483 contra
1457 2452 1689 2485 condemnatos
1707 2479 1714 2491 ,
1747 2457 1809 2485 tam

1058 2498 1187 2531 realiter
1198 2510 1296 2542 quam
1309 2500 1524 2543 personaliter
1534 2501 1715 2534 executioni
1724 2512 1813 2534 man-

1057 2546 1193 2580 dentur:
1220 2548 1262 2580 ita
1282 2549 1369 2591 quod
1390 2549 1465 2582 alibi
1487 2560 1584 2593 quam
1602 2550 1633 2583 in
1654 2551 1739 2586 dicto
1757 2552 1813 2584 ho—

1057 2596 1175 2640 spitali,
1198 2603 1253 2630 aut
1274 2598 1452 2631 extraillud
1473 2610 1510 2632 ex
1530 2600 1673 2643 magistri
1686 2607 1717 2634 et
1733 2612 1811 2635 con-

1057 2650 1170 2678 ventus
1203 2647 1444 2688 commissione,
1477 2648 1628 2692 cognosci
1649 2655 1680 2684 et
1700 2650 1811 2683 termi-

1057 2694 1127 2727 nari
1148 2701 1319 2738 nequeant.

1862 1427 1883 1448 Et
1900 1427 2020 1448 advocandi

1834 1458 1926 1483 singulas
1938 1464 2020 1480 causas,

1834 1489 1882 1508 lites
1900 1492 1918 1509 et
1940 1494 2019 1515 quere-

1833 1519 1876 1542 las.
1896 1526 1947 1546 quae
1965 1521 2020 1540 iuter

1833 1552 1890 1577 ipsos
1907 1556 1982 1571 nattes
1999 1554 2019 1571 et

1833 1582 1910 1602 milites
1946 1583 2020 1602 οιίιιι]7

1832 1617 1873 1639 tur;

1857 2317 1881 2338 Et
1896 2319 2015 2345 exequendi

1829 2350 1948 2369 sententias
1995 2353 2015 2369 et

1830 2386 1873 2400 rem
1895 2381 2006 2401 iudicatum
