<?xml version="1.0" encoding="UTF-8"?>
<!DOCTYPE html PUBLIC "-//W3C//DTD XHTML 1.0 Transitional//EN"
    "http://www.w3.org/TR/xhtml1/DTD/xhtml1-transitional.dtd">
<html xmlns="http://www.w3.org/1999/xhtml" xml:lang="en" lang="en">
 <head>
  <title>
</title>
<meta http-equiv="Content-Type" content="text/html;charset=utf-8" />
  <meta name='ocr-system' content='tesseract 3.04.00' />
  <meta name='ocr-capabilities' content='ocr_page ocr_carea ocr_par ocr_line ocrx_word'/>
</head>
<body>
  <div class='ocr_page' id='page_1' title='image "./bullarumdiplomat07cath_1071.png"; bbox 0 0 2237 3100; ppageno 0'>
   <div class='ocr_carea' id='block_1_1' title="bbox 0 2120 170 2436">
    <p class='ocr_par' dir='ltr' id='par_1_1' title="bbox 0 2120 170 2436">
     <span class='ocr_line' id='line_1_1' title="bbox 0 2120 170 2436; baseline 0 664"><span class='ocrx_word' id='word_1_1' title='bbox 0 2120 170 2436; x_wconf 95' lang='lat' dir='ltr'> </span> 
     </span>
    </p>
   </div>
   <div class='ocr_carea' id='block_1_2' title="bbox 838 252 1708 288">
    <p class='ocr_par' dir='ltr' id='par_1_2' title="bbox 838 252 1708 288">
     <span class='ocr_line' id='line_1_2' title="bbox 838 252 1708 288; baseline 0.007 -6"><span class='ocrx_word' id='word_1_2' title='bbox 838 257 935 283; x_wconf 75' lang='lat' dir='ltr'>innEx</span> <span class='ocrx_word' id='word_1_3' title='bbox 960 259 1067 283; x_wconf 76' lang='lat' dir='ltr'><strong>RERUM</strong></span> <span class='ocrx_word' id='word_1_4' title='bbox 1643 252 1708 288; x_wconf 86' lang='grc'>987</span> 
     </span>
    </p>
   </div>
   <div class='ocr_carea' id='block_1_3' title="bbox 195 311 1755 1752">
    <p class='ocr_par' dir='ltr' id='par_1_3' title="bbox 285 311 1755 675">
     <span class='ocr_line' id='line_1_3' title="bbox 288 311 1755 355; baseline 0.003 -11"><span class='ocrx_word' id='word_1_5' title='bbox 288 323 361 344; x_wconf 81' lang='lat' dir='ltr'>rum</span> <span class='ocrx_word' id='word_1_6' title='bbox 378 312 606 354; x_wconf 71' lang='lat' dir='ltr'>conformium,</span> <span class='ocrx_word' id='word_1_7' title='bbox 629 311 692 344; x_wconf 78' lang='grc'>796</span> <span class='ocrx_word' id='word_1_8' title='bbox 710 322 740 343; x_wconf 84' lang='grc' dir='ltr'>α.</span> <span class='ocrx_word' id='word_1_9' title='bbox 762 311 837 343; x_wconf 86' lang='lat' dir='ltr'>Pius</span> <span class='ocrx_word' id='word_1_10' title='bbox 857 311 880 343; x_wconf 91' lang='lat' dir='ltr'>V</span> <span class='ocrx_word' id='word_1_11' title='bbox 902 313 1039 355; x_wconf 79' lang='lat' dir='ltr'>collegio</span> <span class='ocrx_word' id='word_1_12' title='bbox 1061 312 1112 345; x_wconf 89' lang='lat' dir='ltr'>dat</span> <span class='ocrx_word' id='word_1_13' title='bbox 1137 313 1324 347; x_wconf 72' lang='lat' dir='ltr'>facultatem</span> <span class='ocrx_word' id='word_1_14' title='bbox 1344 325 1472 348; x_wconf 76' lang='lat' dir='ltr'>caussas</span> <span class='ocrx_word' id='word_1_15' title='bbox 1492 314 1575 348; x_wconf 84' lang='lat' dir='ltr'>circa</span> <span class='ocrx_word' id='word_1_16' title='bbox 1596 316 1755 349; x_wconf 89' lang='lat' dir='ltr'>bonorum</span> 
     </span>
     <span class='ocr_line' id='line_1_4' title="bbox 285 364 1748 407; baseline 0.003 -9"><span class='ocrx_word' id='word_1_17' title='bbox 285 366 577 399; x_wconf 81' lang='lat' dir='ltr'>ecclesiasticorum</span> <span class='ocrx_word' id='word_1_18' title='bbox 599 364 821 401; x_wconf 67' lang='lat' dir='ltr'>alienationes,</span> <span class='ocrx_word' id='word_1_19' title='bbox 849 375 958 397; x_wconf 82' lang='lat' dir='ltr'>coram</span> <span class='ocrx_word' id='word_1_20' title='bbox 981 365 1111 398; x_wconf 77' lang='lat' dir='ltr'>dirersis</span> <span class='ocrx_word' id='word_1_21' title='bbox 1139 366 1318 407; x_wconf 87' lang='lat' dir='ltr'>iudicibus,</span> <span class='ocrx_word' id='word_1_22' title='bbox 1354 368 1394 400; x_wconf 90' lang='lat' dir='ltr'>ob</span> <span class='ocrx_word' id='word_1_23' title='bbox 1416 368 1558 401; x_wconf 89' lang='lat' dir='ltr'>iudicum</span> <span class='ocrx_word' id='word_1_24' title='bbox 1585 369 1632 402; x_wconf 89' lang='lat' dir='ltr'>vel</span> <span class='ocrx_word' id='word_1_25' title='bbox 1661 375 1748 402; x_wconf 85' lang='lat' dir='ltr'>acto-</span> 
     </span>
     <span class='ocr_line' id='line_1_5' title="bbox 289 417 1754 466; baseline 0.003 -15"><span class='ocrx_word' id='word_1_26' title='bbox 289 429 361 452; x_wconf 93' lang='lat' dir='ltr'>rum</span> <span class='ocrx_word' id='word_1_27' title='bbox 383 418 628 462; x_wconf 80' lang='lat' dir='ltr'>negligentiam,</span> <span class='ocrx_word' id='word_1_28' title='bbox 650 417 824 451; x_wconf 82' lang='lat' dir='ltr'>admodum</span> <span class='ocrx_word' id='word_1_29' title='bbox 846 428 911 451; x_wconf 89' lang='lat' dir='ltr'>non</span> <span class='ocrx_word' id='word_1_30' title='bbox 931 419 1094 462; x_wconf 81' lang='lat' dir='ltr'>expeditas</span> <span class='ocrx_word' id='word_1_31' title='bbox 1115 421 1343 463; x_wconf 78' lang='lat' dir='ltr'>cognoscendi,</span> <span class='ocrx_word' id='word_1_32' title='bbox 1366 421 1425 455; x_wconf 84' lang='grc'>851</span> <span class='ocrx_word' id='word_1_33' title='bbox 1451 423 1467 455; x_wconf 88' lang='lat' dir='ltr'>b</span> <span class='ocrx_word' id='word_1_34' title='bbox 1482 426 1511 455; x_wconf 87' lang='lat' dir='ltr'>et</span> <span class='ocrx_word' id='word_1_35' title='bbox 1532 433 1613 466; x_wconf 83' lang='lat' dir='ltr'>seq.;</span> <span class='ocrx_word' id='word_1_36' title='bbox 1641 433 1754 458; x_wconf 87' lang='lat' dir='ltr'>omnes</span> 
     </span>
     <span class='ocr_line' id='line_1_6' title="bbox 286 471 1750 516; baseline 0.003 -11"><span class='ocrx_word' id='word_1_37' title='bbox 286 472 407 516; x_wconf 86' lang='lat' dir='ltr'>pariter</span> <span class='ocrx_word' id='word_1_38' title='bbox 441 483 569 506; x_wconf 78' lang='lat' dir='ltr'>caussas</span> <span class='ocrx_word' id='word_1_39' title='bbox 588 472 799 505; x_wconf 85' lang='lat' dir='ltr'>ecelesiarum</span> <span class='ocrx_word' id='word_1_40' title='bbox 821 475 850 503; x_wconf 86' lang='lat' dir='ltr'>et</span> <span class='ocrx_word' id='word_1_41' title='bbox 882 471 1027 503; x_wconf 88' lang='lat' dir='ltr'>locorum</span> <span class='ocrx_word' id='word_1_42' title='bbox 1049 478 1273 516; x_wconf 86' lang='lat' dir='ltr'>exemptorum</span> <span class='ocrx_word' id='word_1_43' title='bbox 1294 476 1333 507; x_wconf 89' lang='lat' dir='ltr'>ab</span> <span class='ocrx_word' id='word_1_44' title='bbox 1359 474 1597 508; x_wconf 78' lang='lat' dir='ltr'>ordinariorum</span> <span class='ocrx_word' id='word_1_45' title='bbox 1619 475 1750 509; x_wconf 90' lang='lat' dir='ltr'>iurisdi-</span> 
     </span>
     <span class='ocr_line' id='line_1_7' title="bbox 287 524 1753 572; baseline 0.003 -14"><span class='ocrx_word' id='word_1_46' title='bbox 287 526 404 566; x_wconf 75' lang='lat' dir='ltr'>ctione,</span> <span class='ocrx_word' id='word_1_47' title='bbox 428 525 492 559; x_wconf 82' lang='lat'>853</span> <span class='ocrx_word' id='word_1_48' title='bbox 505 538 539 566; x_wconf 80' lang='lat' dir='ltr'>a;</span> <span class='ocrx_word' id='word_1_49' title='bbox 551 527 661 570; x_wconf 81' lang='lat' dir='ltr'>plures</span> <span class='ocrx_word' id='word_1_50' title='bbox 677 525 754 558; x_wconf 84' lang='lat' dir='ltr'>alias</span> <span class='ocrx_word' id='word_1_51' title='bbox 774 524 872 557; x_wconf 87' lang='lat' dir='ltr'>huius</span> <span class='ocrx_word' id='word_1_52' title='bbox 889 525 1015 567; x_wconf 71' lang='lat' dir='ltr'>generis</span> <span class='ocrx_word' id='word_1_53' title='bbox 1036 527 1185 559; x_wconf 80' lang='lat' dir='ltr'>concedit</span> <span class='ocrx_word' id='word_1_54' title='bbox 1209 527 1388 569; x_wconf 87' lang='lat' dir='ltr'>facultates,</span> <span class='ocrx_word' id='word_1_55' title='bbox 1412 533 1442 561; x_wconf 89' lang='lat' dir='ltr'>et</span> <span class='ocrx_word' id='word_1_56' title='bbox 1462 528 1630 572; x_wconf 75' lang='lat' dir='ltr'>speciatim</span> <span class='ocrx_word' id='word_1_57' title='bbox 1653 530 1753 563; x_wconf 84' lang='lat' dir='ltr'>tabel-</span> 
     </span>
     <span class='ocr_line' id='line_1_8' title="bbox 291 579 1755 626; baseline 0.003 -14"><span class='ocrx_word' id='word_1_58' title='bbox 291 580 395 612; x_wconf 88' lang='lat' dir='ltr'>liones</span> <span class='ocrx_word' id='word_1_59' title='bbox 416 585 544 623; x_wconf 82' lang='lat' dir='ltr'>rogatos</span> <span class='ocrx_word' id='word_1_60' title='bbox 565 585 595 612; x_wconf 90' lang='lat' dir='ltr'>et</span> <span class='ocrx_word' id='word_1_61' title='bbox 615 579 744 612; x_wconf 81' lang='lat' dir='ltr'>aliosde</span> <span class='ocrx_word' id='word_1_62' title='bbox 764 579 925 611; x_wconf 87' lang='lat' dir='ltr'>bonorum</span> <span class='ocrx_word' id='word_1_63' title='bbox 943 579 1236 613; x_wconf 81' lang='lat' dir='ltr'>ecclesiasticorum</span> <span class='ocrx_word' id='word_1_64' title='bbox 1255 581 1424 625; x_wconf 80' lang='lat' dir='ltr'>scripturis</span> <span class='ocrx_word' id='word_1_65' title='bbox 1445 583 1594 616; x_wconf 90' lang='lat' dir='ltr'>conscios</span> <span class='ocrx_word' id='word_1_66' title='bbox 1621 584 1755 626; x_wconf 80' lang='lat' dir='ltr'>cogendi</span> 
     </span>
     <span class='ocr_line' id='line_1_9' title="bbox 289 632 882 675; baseline -0.003 -9"><span class='ocrx_word' id='word_1_67' title='bbox 289 634 327 666; x_wconf 81' lang='lat' dir='ltr'>ad</span> <span class='ocrx_word' id='word_1_68' title='bbox 354 632 603 675; x_wconf 87' lang='lat' dir='ltr'>notificandum,</span> <span class='ocrx_word' id='word_1_69' title='bbox 625 633 705 666; x_wconf 82' lang='lat' dir='ltr'>ibid.</span> <span class='ocrx_word' id='word_1_70' title='bbox 734 633 750 665; x_wconf 93' lang='lat' dir='ltr'>b</span> <span class='ocrx_word' id='word_1_71' title='bbox 771 636 801 665; x_wconf 91' lang='lat' dir='ltr'>et</span> <span class='ocrx_word' id='word_1_72' title='bbox 820 642 882 675; x_wconf 82' lang='lat' dir='ltr'>seq.</span> 
     </span>
    </p>

    <p class='ocr_par' dir='ltr' id='par_1_4' title="bbox 198 685 1751 887">
     <span class='ocr_line' id='line_1_10' title="bbox 198 685 1751 733; baseline 0.001 -11"><span class='ocrx_word' id='word_1_73' title='bbox 198 688 347 727; x_wconf 75' lang='lat' dir='ltr'>Comites,</span> <span class='ocrx_word' id='word_1_74' title='bbox 369 688 517 727; x_wconf 85' lang='lat' dir='ltr'>barones,</span> <span class='ocrx_word' id='word_1_75' title='bbox 537 691 594 720; x_wconf 77' lang='lat' dir='ltr'>etc.</span> <span class='ocrx_word' id='word_1_76' title='bbox 618 687 724 720; x_wconf 87' lang='lat' dir='ltr'>Status</span> <span class='ocrx_word' id='word_1_77' title='bbox 743 685 969 722; x_wconf 78' lang='lat' dir='ltr'>Ecclesiastici.</span> <span class='ocrx_word' id='word_1_78' title='bbox 994 686 1053 718; x_wconf 86' lang='lat' dir='ltr'>sub</span> <span class='ocrx_word' id='word_1_79' title='bbox 1076 687 1298 727; x_wconf 77' lang='lat' dir='ltr'>rnutuationis,</span> <span class='ocrx_word' id='word_1_80' title='bbox 1327 689 1429 722; x_wconf 78' lang='lat' dir='ltr'>aliove.</span> <span class='ocrx_word' id='word_1_81' title='bbox 1450 694 1627 733; x_wconf 81' lang='lat' dir='ltr'>praetextu,</span> <span class='ocrx_word' id='word_1_82' title='bbox 1657 690 1751 724; x_wconf 83' lang='lat' dir='ltr'>vecti-</span> 
     </span>
     <span class='ocr_line' id='line_1_11' title="bbox 286 738 1749 785; baseline 0.002 -11"><span class='ocrx_word' id='word_1_83' title='bbox 286 742 374 785; x_wconf 80' lang='lat' dir='ltr'>gales</span> <span class='ocrx_word' id='word_1_84' title='bbox 394 741 551 774; x_wconf 84' lang='lat' dir='ltr'>inducunt</span> <span class='ocrx_word' id='word_1_85' title='bbox 570 740 610 773; x_wconf 82' lang='lat' dir='ltr'>ad</span> <span class='ocrx_word' id='word_1_86' title='bbox 632 739 784 773; x_wconf 79' lang='lat' dir='ltr'>solvenda</span> <span class='ocrx_word' id='word_1_87' title='bbox 804 739 907 772; x_wconf 86' lang='lat' dir='ltr'>debita</span> <span class='ocrx_word' id='word_1_88' title='bbox 930 739 968 771; x_wconf 88' lang='lat' dir='ltr'>ab</span> <span class='ocrx_word' id='word_1_89' title='bbox 990 738 1066 783; x_wconf 81' lang='lat' dir='ltr'>ipsis</span> <span class='ocrx_word' id='word_1_90' title='bbox 1096 739 1234 773; x_wconf 84' lang='lat' dir='ltr'>dominis</span> <span class='ocrx_word' id='word_1_91' title='bbox 1262 742 1354 780; x_wconf 83' lang='lat' dir='ltr'>facta,</span> <span class='ocrx_word' id='word_1_92' title='bbox 1391 742 1432 775; x_wconf 90' lang='lat'>65</span> <span class='ocrx_word' id='word_1_93' title='bbox 1453 753 1482 774; x_wconf 79' lang='lat' dir='ltr'>a.</span> <span class='ocrx_word' id='word_1_94' title='bbox 1508 742 1583 776; x_wconf 86' lang='lat' dir='ltr'>Pius</span> <span class='ocrx_word' id='word_1_95' title='bbox 1604 744 1639 776; x_wconf 95' lang='lat' dir='ltr'>lV</span> <span class='ocrx_word' id='word_1_96' title='bbox 1660 744 1749 777; x_wconf 87' lang='lat' dir='ltr'>dam-</span> 
     </span>
     <span class='ocr_line' id='line_1_12' title="bbox 285 791 1749 836; baseline 0.001 -8"><span class='ocrx_word' id='word_1_97' title='bbox 285 800 338 828; x_wconf 88' lang='lat' dir='ltr'>nat</span> <span class='ocrx_word' id='word_1_98' title='bbox 359 794 430 827; x_wconf 72' lang='lat' dir='ltr'>illos</span> <span class='ocrx_word' id='word_1_99' title='bbox 450 792 642 826; x_wconf 76' lang='lat' dir='ltr'>restitutioni</span> <span class='ocrx_word' id='word_1_100' title='bbox 663 792 875 836; x_wconf 76' lang='lat' dir='ltr'>pecuniarum</span> <span class='ocrx_word' id='word_1_101' title='bbox 895 804 913 824; x_wconf 87' lang='lat' dir='ltr'>a</span> <span class='ocrx_word' id='word_1_102' title='bbox 934 791 1142 834; x_wconf 79' lang='lat' dir='ltr'>vectigalibus</span> <span class='ocrx_word' id='word_1_103' title='bbox 1163 793 1363 833; x_wconf 72' lang='lat' dir='ltr'>soluturum,</span> <span class='ocrx_word' id='word_1_104' title='bbox 1390 795 1468 828; x_wconf 82' lang='lat' dir='ltr'>ibid.</span> <span class='ocrx_word' id='word_1_105' title='bbox 1497 796 1529 835; x_wconf 83' lang='lat' dir='ltr'>b‚·</span> <span class='ocrx_word' id='word_1_106' title='bbox 1561 795 1749 831; x_wconf 87' lang='lat' dir='ltr'>huiusmodi</span> 
     </span>
     <span class='ocr_line' id='line_1_13' title="bbox 289 844 862 887; baseline -0.007 -6"><span class='ocrx_word' id='word_1_107' title='bbox 289 852 472 881; x_wconf 84' lang='lat' dir='ltr'>contractus</span> <span class='ocrx_word' id='word_1_108' title='bbox 492 846 618 879; x_wconf 87' lang='lat' dir='ltr'>futuros</span> <span class='ocrx_word' id='word_1_109' title='bbox 638 845 749 887; x_wconf 84' lang='lat' dir='ltr'>irritat,</span> <span class='ocrx_word' id='word_1_110' title='bbox 770 844 811 879; x_wconf 89' lang='lat'>66</span> <span class='ocrx_word' id='word_1_111' title='bbox 831 857 862 878; x_wconf 80' lang='grc' dir='ltr'>α.</span> 
     </span>
    </p>

    <p class='ocr_par' dir='ltr' id='par_1_5' title="bbox 201 898 1750 1051">
     <span class='ocr_line' id='line_1_14' title="bbox 201 898 1750 939; baseline 0.001 -5"><span class='ocrx_word' id='word_1_112' title='bbox 201 899 391 935; x_wconf 79' lang='lat' dir='ltr'>Communia</span> <span class='ocrx_word' id='word_1_113' title='bbox 412 904 443 932; x_wconf 88' lang='lat' dir='ltr'>et</span> <span class='ocrx_word' id='word_1_114' title='bbox 462 900 608 933; x_wconf 89' lang='lat' dir='ltr'>locorum</span> <span class='ocrx_word' id='word_1_115' title='bbox 635 898 756 932; x_wconf 89' lang='lat' dir='ltr'>domini</span> <span class='ocrx_word' id='word_1_116' title='bbox 785 898 947 932; x_wconf 85' lang='lat' dir='ltr'>custodire</span> <span class='ocrx_word' id='word_1_117' title='bbox 976 903 1126 931; x_wconf 84' lang='lat' dir='ltr'>tenentur</span> <span class='ocrx_word' id='word_1_118' title='bbox 1147 911 1201 932; x_wconf 89' lang='lat' dir='ltr'>sua</span> <span class='ocrx_word' id='word_1_119' title='bbox 1224 900 1414 939; x_wconf 83' lang='lat' dir='ltr'>territoria,</span> <span class='ocrx_word' id='word_1_120' title='bbox 1447 912 1485 933; x_wconf 81' lang='lat' dir='ltr'>ne</span> <span class='ocrx_word' id='word_1_121' title='bbox 1520 902 1682 936; x_wconf 86' lang='lat' dir='ltr'>venientes</span> <span class='ocrx_word' id='word_1_122' title='bbox 1711 902 1750 935; x_wconf 83' lang='lat' dir='ltr'>ad</span> 
     </span>
     <span class='ocr_line' id='line_1_15' title="bbox 285 947 1748 997; baseline 0.002 -11"><span class='ocrx_word' id='word_1_123' title='bbox 285 953 403 986; x_wconf 88' lang='lat' dir='ltr'>Urbem</span> <span class='ocrx_word' id='word_1_124' title='bbox 424 953 471 985; x_wconf 87' lang='lat' dir='ltr'>vel</span> <span class='ocrx_word' id='word_1_125' title='bbox 492 953 532 985; x_wconf 91' lang='lat' dir='ltr'>ab</span> <span class='ocrx_word' id='word_1_126' title='bbox 553 963 588 985; x_wconf 83' lang='lat' dir='ltr'>ea</span> <span class='ocrx_word' id='word_1_127' title='bbox 609 953 796 985; x_wconf 76' lang='lat' dir='ltr'>recedentes</span> <span class='ocrx_word' id='word_1_128' title='bbox 827 951 921 985; x_wconf 89' lang='lat' dir='ltr'>bonis</span> <span class='ocrx_word' id='word_1_129' title='bbox 951 951 1143 995; x_wconf 86' lang='lat' dir='ltr'>spolientur,</span> <span class='ocrx_word' id='word_1_130' title='bbox 1166 952 1225 985; x_wconf 44' lang='lat'>46³1</span> <span class='ocrx_word' id='word_1_131' title='bbox 1250 964 1268 985; x_wconf 80' lang='lat' dir='ltr'>a</span> <span class='ocrx_word' id='word_1_132' title='bbox 1290 958 1320 985; x_wconf 87' lang='lat' dir='ltr'>et</span> <span class='ocrx_word' id='word_1_133' title='bbox 1339 965 1400 997; x_wconf 69' lang='lat' dir='ltr'>seq.</span> <span class='ocrx_word' id='word_1_134' title='bbox 1424 947 1492 987; x_wconf 79' lang='lat' dir='ltr'>Non</span> <span class='ocrx_word' id='word_1_135' title='bbox 1517 955 1748 995; x_wconf 79' lang='lat' dir='ltr'>custodientes,</span> 
     </span>
     <span class='ocr_line' id='line_1_16' title="bbox 287 1005 751 1051; baseline -0.009 -10"><span class='ocrx_word' id='word_1_136' title='bbox 287 1008 406 1041; x_wconf 88' lang='lat' dir='ltr'>damna</span> <span class='ocrx_word' id='word_1_137' title='bbox 426 1006 615 1051; x_wconf 76' lang='lat' dir='ltr'>rependant,</span> <span class='ocrx_word' id='word_1_138' title='bbox 638 1005 702 1039; x_wconf 75' lang='lat'>463</span> <span class='ocrx_word' id='word_1_139' title='bbox 723 1006 751 1038; x_wconf 89' lang='lat' dir='ltr'>b.</span> 
     </span>
    </p>

    <p class='ocr_par' dir='ltr' id='par_1_6' title="bbox 197 1059 1754 1214">
     <span class='ocr_line' id='line_1_17' title="bbox 197 1059 1752 1107; baseline 0.002 -13"><span class='ocrx_word' id='word_1_140' title='bbox 197 1062 478 1107; x_wconf 84' lang='lat' dir='ltr'>Compostellanus</span> <span class='ocrx_word' id='word_1_141' title='bbox 498 1060 773 1104; x_wconf 72' lang='lat' dir='ltr'>archiepiscopus,</span> <span class='ocrx_word' id='word_1_142' title='bbox 797 1060 866 1093; x_wconf 83' lang='lat' dir='ltr'>eius</span> <span class='ocrx_word' id='word_1_143' title='bbox 886 1059 1080 1102; x_wconf 77' lang='lat' dir='ltr'>suffraganei</span> <span class='ocrx_word' id='word_1_144' title='bbox 1101 1071 1280 1104; x_wconf 79' lang='lat' dir='ltr'>eorumque</span> <span class='ocrx_word' id='word_1_145' title='bbox 1301 1061 1441 1105; x_wconf 76' lang='lat' dir='ltr'>capitula</span> <span class='ocrx_word' id='word_1_146' title='bbox 1463 1063 1670 1096; x_wconf 77' lang='lat' dir='ltr'>concordiam</span> <span class='ocrx_word' id='word_1_147' title='bbox 1686 1064 1752 1097; x_wconf 88' lang='lat' dir='ltr'>ine-</span> 
     </span>
     <span class='ocr_line' id='line_1_18' title="bbox 285 1113 1754 1158; baseline 0.002 -10"><span class='ocrx_word' id='word_1_148' title='bbox 285 1120 343 1148; x_wconf 90' lang='lat' dir='ltr'>unt</span> <span class='ocrx_word' id='word_1_149' title='bbox 364 1114 475 1148; x_wconf 89' lang='lat' dir='ltr'>nuncii</span> <span class='ocrx_word' id='word_1_150' title='bbox 496 1114 725 1158; x_wconf 76' lang='lat' dir='ltr'>Hispaniarum</span> <span class='ocrx_word' id='word_1_151' title='bbox 747 1125 857 1158; x_wconf 82' lang='lat' dir='ltr'>opera,</span> <span class='ocrx_word' id='word_1_152' title='bbox 882 1113 945 1147; x_wconf 77' lang='lat'>778</span> <span class='ocrx_word' id='word_1_153' title='bbox 960 1124 991 1145; x_wconf 82' lang='lat' dir='ltr'>a.</span> <span class='ocrx_word' id='word_1_154' title='bbox 1015 1113 1120 1145; x_wconf 88' lang='lat' dir='ltr'>Tenor</span> <span class='ocrx_word' id='word_1_155' title='bbox 1140 1114 1358 1158; x_wconf 84' lang='lat' dir='ltr'>capitulorum</span> <span class='ocrx_word' id='word_1_156' title='bbox 1381 1116 1590 1157; x_wconf 81' lang='lat' dir='ltr'>concordiae,</span> <span class='ocrx_word' id='word_1_157' title='bbox 1614 1118 1692 1150; x_wconf 77' lang='lat' dir='ltr'>ibid.</span> <span class='ocrx_word' id='word_1_158' title='bbox 1721 1127 1754 1157; x_wconf 68' lang='lat' dir='ltr'>‘dt</span> 
     </span>
     <span class='ocr_line' id='line_1_19' title="bbox 283 1167 1413 1214; baseline 0 -12"><span class='ocrx_word' id='word_1_159' title='bbox 283 1182 345 1214; x_wconf 75' lang='lat' dir='ltr'>seq.</span> <span class='ocrx_word' id='word_1_160' title='bbox 369 1170 445 1202; x_wconf 83' lang='lat' dir='ltr'>Pius</span> <span class='ocrx_word' id='word_1_161' title='bbox 465 1170 488 1201; x_wconf 93' lang='lat' dir='ltr'>V</span> <span class='ocrx_word' id='word_1_162' title='bbox 509 1169 615 1201; x_wconf 87' lang='lat' dir='ltr'>omnia</span> <span class='ocrx_word' id='word_1_163' title='bbox 637 1169 822 1209; x_wconf 84' lang='lat' dir='ltr'>confirmat,</span> <span class='ocrx_word' id='word_1_164' title='bbox 845 1167 977 1201; x_wconf 80' lang='lat' dir='ltr'>adiectis</span> <span class='ocrx_word' id='word_1_165' title='bbox 995 1167 1280 1210; x_wconf 80' lang='lat' dir='ltr'>declarationibus,</span> <span class='ocrx_word' id='word_1_166' title='bbox 1301 1169 1364 1202; x_wconf 87' lang='lat'>779</span> <span class='ocrx_word' id='word_1_167' title='bbox 1385 1171 1413 1202; x_wconf 89' lang='lat' dir='ltr'>b.</span> 
     </span>
    </p>

    <p class='ocr_par' dir='ltr' id='par_1_7' title="bbox 195 1221 1152 1259">
     <span class='ocr_line' id='line_1_20' title="bbox 195 1221 1152 1259; baseline -0.004 -1"><span class='ocrx_word' id='word_1_168' title='bbox 195 1223 376 1259; x_wconf 78' lang='lat' dir='ltr'>Concilium</span> <span class='ocrx_word' id='word_1_169' title='bbox 397 1222 632 1256; x_wconf 87' lang='lat' dir='ltr'>Tridentinum.</span> <span class='ocrx_word' id='word_1_170' title='bbox 664 1223 695 1255; x_wconf 84' lang='lat' dir='ltr'>V.</span> <span class='ocrx_word' id='word_1_171' title='bbox 720 1222 943 1255; x_wconf 87' lang='lat' dir='ltr'>Tridentinum</span> <span class='ocrx_word' id='word_1_172' title='bbox 965 1221 1152 1254; x_wconf 87' lang='lat' dir='ltr'>concilium.</span> 
     </span>
    </p>

    <p class='ocr_par' dir='ltr' id='par_1_8' title="bbox 201 1274 1196 1313">
     <span class='ocr_line' id='line_1_21' title="bbox 201 1274 1196 1313; baseline -0.004 -1"><span class='ocrx_word' id='word_1_173' title='bbox 201 1279 358 1313; x_wconf 84' lang='lat' dir='ltr'>Conclave</span> <span class='ocrx_word' id='word_1_174' title='bbox 379 1281 410 1309; x_wconf 91' lang='lat' dir='ltr'>et</span> <span class='ocrx_word' id='word_1_175' title='bbox 430 1276 654 1309; x_wconf 81' lang='lat' dir='ltr'>conclavistae.</span> <span class='ocrx_word' id='word_1_176' title='bbox 684 1276 716 1308; x_wconf 78' lang='lat' dir='ltr'>V.</span> <span class='ocrx_word' id='word_1_177' title='bbox 740 1275 904 1308; x_wconf 79' lang='lat' dir='ltr'>pontificis</span> <span class='ocrx_word' id='word_1_178' title='bbox 925 1274 1049 1307; x_wconf 76' lang='lat' dir='ltr'>Maximi</span> <span class='ocrx_word' id='word_1_179' title='bbox 1071 1275 1196 1308; x_wconf 83' lang='lat' dir='ltr'>electio.</span> 
     </span>
    </p>

    <p class='ocr_par' dir='ltr' id='par_1_9' title="bbox 198 1329 1140 1374">
     <span class='ocr_line' id='line_1_22' title="bbox 198 1329 1140 1374; baseline -0.006 -7"><span class='ocrx_word' id='word_1_180' title='bbox 198 1331 398 1367; x_wconf 83' lang='lat' dir='ltr'>Concordata</span> <span class='ocrx_word' id='word_1_181' title='bbox 419 1341 493 1364; x_wconf 91' lang='lat' dir='ltr'>cum</span> <span class='ocrx_word' id='word_1_182' title='bbox 514 1330 596 1364; x_wconf 88' lang='lat' dir='ltr'>Sede</span> <span class='ocrx_word' id='word_1_183' title='bbox 624 1330 817 1374; x_wconf 74' lang='lat' dir='ltr'>Apostolica.</span> <span class='ocrx_word' id='word_1_184' title='bbox 851 1330 882 1362; x_wconf 92' lang='lat' dir='ltr'>V.</span> <span class='ocrx_word' id='word_1_185' title='bbox 907 1329 1098 1362; x_wconf 83' lang='lat' dir='ltr'>Franciscus</span> <span class='ocrx_word' id='word_1_186' title='bbox 1118 1329 1140 1362; x_wconf 89' lang='grc' dir='ltr'>Ι.</span> 
     </span>
    </p>

    <p class='ocr_par' dir='ltr' id='par_1_10' title="bbox 200 1383 788 1421">
     <span class='ocr_line' id='line_1_23' title="bbox 200 1383 788 1421; baseline -0.009 -1"><span class='ocrx_word' id='word_1_187' title='bbox 200 1386 355 1421; x_wconf 84' lang='lat' dir='ltr'>Consules</span> <span class='ocrx_word' id='word_1_188' title='bbox 375 1383 503 1417; x_wconf 87' lang='lat' dir='ltr'>artium.</span> <span class='ocrx_word' id='word_1_189' title='bbox 534 1384 566 1416; x_wconf 75' lang='lat' dir='ltr'>V.</span> <span class='ocrx_word' id='word_1_190' title='bbox 591 1383 788 1416; x_wconf 86' lang='lat' dir='ltr'>Tribunalia.</span> 
     </span>
    </p>

    <p class='ocr_par' dir='ltr' id='par_1_11' title="bbox 196 1436 1330 1481">
     <span class='ocr_line' id='line_1_24' title="bbox 196 1436 1330 1481; baseline -0.004 -7"><span class='ocrx_word' id='word_1_191' title='bbox 196 1439 479 1475; x_wconf 84' lang='lat' dir='ltr'>Contradictarum</span> <span class='ocrx_word' id='word_1_192' title='bbox 500 1438 664 1471; x_wconf 82' lang='lat' dir='ltr'>officiales.</span> <span class='ocrx_word' id='word_1_193' title='bbox 694 1437 727 1469; x_wconf 87' lang='lat' dir='ltr'>V.</span> <span class='ocrx_word' id='word_1_194' title='bbox 755 1437 950 1470; x_wconf 80' lang='lat' dir='ltr'>Cancellaria</span> <span class='ocrx_word' id='word_1_195' title='bbox 974 1438 1047 1481; x_wconf 59' lang='lat' dir='ltr'>Ap„</span> <span class='ocrx_word' id='word_1_196' title='bbox 1070 1436 1330 1470; x_wconf 77' lang='lat' dir='ltr'>Poenitentiaria.</span> 
     </span>
    </p>

    <p class='ocr_par' dir='ltr' id='par_1_12' title="bbox 197 1491 1751 1752">
     <span class='ocr_line' id='line_1_25' title="bbox 197 1491 1751 1538; baseline 0.001 -10"><span class='ocrx_word' id='word_1_197' title='bbox 197 1493 433 1528; x_wconf 82' lang='lat' dir='ltr'>Conventuales</span> <span class='ocrx_word' id='word_1_198' title='bbox 454 1493 565 1525; x_wconf 83' lang='lat' dir='ltr'>fratres</span> <span class='ocrx_word' id='word_1_199' title='bbox 587 1492 616 1525; x_wconf 92' lang='lat' dir='ltr'>S.</span> <span class='ocrx_word' id='word_1_200' title='bbox 650 1491 810 1524; x_wconf 82' lang='lat' dir='ltr'>Francisci</span> <span class='ocrx_word' id='word_1_201' title='bbox 832 1491 861 1523; x_wconf 91' lang='lat' dir='ltr'>in</span> <span class='ocrx_word' id='word_1_202' title='bbox 884 1491 1015 1524; x_wconf 68' lang='lat' dir='ltr'>diversis</span> <span class='ocrx_word' id='word_1_203' title='bbox 1035 1491 1249 1534; x_wconf 77' lang='lat' dir='ltr'>l&#39;ortugalliae</span> <span class='ocrx_word' id='word_1_204' title='bbox 1274 1497 1304 1524; x_wconf 81' lang='lat' dir='ltr'>et</span> <span class='ocrx_word' id='word_1_205' title='bbox 1332 1493 1555 1534; x_wconf 71' lang='lat' dir='ltr'>Algarbioruin</span> <span class='ocrx_word' id='word_1_206' title='bbox 1578 1495 1751 1538; x_wconf 87' lang='lat' dir='ltr'>provinciis</span> 
     </span>
     <span class='ocr_line' id='line_1_26' title="bbox 288 1544 1748 1590; baseline 0.001 -9"><span class='ocrx_word' id='word_1_207' title='bbox 288 1548 347 1581; x_wconf 88' lang='lat' dir='ltr'>sub</span> <span class='ocrx_word' id='word_1_208' title='bbox 368 1547 490 1590; x_wconf 73' lang='lat' dir='ltr'>Regula</span> <span class='ocrx_word' id='word_1_209' title='bbox 511 1547 643 1579; x_wconf 86' lang='lat' dir='ltr'>fratrum</span> <span class='ocrx_word' id='word_1_210' title='bbox 666 1546 705 1578; x_wconf 85' lang='lat' dir='ltr'>de</span> <span class='ocrx_word' id='word_1_211' title='bbox 726 1545 932 1579; x_wconf 73' lang='lat' dir='ltr'>Observantia</span> <span class='ocrx_word' id='word_1_212' title='bbox 954 1545 1154 1588; x_wconf 67' lang='lat' dir='ltr'>rediguntur,</span> <span class='ocrx_word' id='word_1_213' title='bbox 1176 1544 1240 1578; x_wconf 72' lang='lat'>6⁶25</span> <span class='ocrx_word' id='word_1_214' title='bbox 1261 1546 1289 1578; x_wconf 82' lang='lat' dir='ltr'>b.</span> <span class='ocrx_word' id='word_1_215' title='bbox 1313 1546 1433 1578; x_wconf 86' lang='lat' dir='ltr'>Eorum</span> <span class='ocrx_word' id='word_1_216' title='bbox 1451 1551 1480 1579; x_wconf 85' lang='lat' dir='ltr'>et</span> <span class='ocrx_word' id='word_1_217' title='bbox 1500 1547 1596 1580; x_wconf 79' lang='lat' dir='ltr'>Tertii</span> <span class='ocrx_word' id='word_1_218' title='bbox 1622 1548 1748 1584; x_wconf 79' lang='lat' dir='ltr'>Ordinis</span> 
     </span>
     <span class='ocr_line' id='line_1_27' title="bbox 289 1598 1748 1640; baseline 0.002 -6"><span class='ocrx_word' id='word_1_219' title='bbox 289 1606 466 1635; x_wconf 86' lang='lat' dir='ltr'>conventus</span> <span class='ocrx_word' id='word_1_220' title='bbox 499 1600 651 1632; x_wconf 80' lang='lat' dir='ltr'>fratribus</span> <span class='ocrx_word' id='word_1_221' title='bbox 688 1605 718 1632; x_wconf 89' lang='lat' dir='ltr'>et</span> <span class='ocrx_word' id='word_1_222' title='bbox 752 1598 948 1632; x_wconf 83' lang='lat' dir='ltr'>monialibus</span> <span class='ocrx_word' id='word_1_223' title='bbox 983 1598 1020 1631; x_wconf 91' lang='lat' dir='ltr'>de</span> <span class='ocrx_word' id='word_1_224' title='bbox 1061 1598 1266 1632; x_wconf 84' lang='lat' dir='ltr'>Observantia</span> <span class='ocrx_word' id='word_1_225' title='bbox 1299 1600 1485 1640; x_wconf 85' lang='lat' dir='ltr'>traduntur,</span> <span class='ocrx_word' id='word_1_226' title='bbox 1528 1602 1605 1634; x_wconf 66' lang='lat' dir='ltr'>ibid.</span> <span class='ocrx_word' id='word_1_227' title='bbox 1653 1603 1748 1637; x_wconf 86' lang='lat' dir='ltr'>Plura</span> 
     </span>
     <span class='ocr_line' id='line_1_28' title="bbox 286 1653 1743 1696; baseline 0.001 -8"><span class='ocrx_word' id='word_1_228' title='bbox 286 1654 476 1688; x_wconf 84' lang='lat' dir='ltr'>monasteria</span> <span class='ocrx_word' id='word_1_229' title='bbox 495 1654 526 1686; x_wconf 92' lang='lat' dir='ltr'>in</span> <span class='ocrx_word' id='word_1_230' title='bbox 547 1665 648 1687; x_wconf 91' lang='lat' dir='ltr'>unum</span> <span class='ocrx_word' id='word_1_231' title='bbox 671 1653 778 1686; x_wconf 78' lang='lat' dir='ltr'>reduci</span> <span class='ocrx_word' id='word_1_232' title='bbox 802 1658 937 1696; x_wconf 72' lang='lat' dir='ltr'>queunt,</span> <span class='ocrx_word' id='word_1_233' title='bbox 960 1658 995 1685; x_wconf 89' lang='lat' dir='ltr'>ut</span> <span class='ocrx_word' id='word_1_234' title='bbox 1029 1653 1141 1685; x_wconf 82' lang='lat' dir='ltr'>fratres</span> <span class='ocrx_word' id='word_1_235' title='bbox 1161 1653 1288 1686; x_wconf 74' lang='lat' dir='ltr'>facilius</span> <span class='ocrx_word' id='word_1_236' title='bbox 1308 1653 1426 1687; x_wconf 73' lang='lat' dir='ltr'>victum</span> <span class='ocrx_word' id='word_1_237' title='bbox 1449 1655 1597 1695; x_wconf 77' lang='lat' dir='ltr'>habeant,</span> <span class='ocrx_word' id='word_1_238' title='bbox 1622 1655 1686 1689; x_wconf 72' lang='lat'>6:26</span> <span class='ocrx_word' id='word_1_239' title='bbox 1714 1669 1743 1690; x_wconf 87' lang='grc' dir='ltr'>α.</span> 
     </span>
     <span class='ocr_line' id='line_1_29' title="bbox 284 1703 1744 1752; baseline 0.001 -9"><span class='ocrx_word' id='word_1_240' title='bbox 284 1703 348 1750; x_wconf 79' lang='lat' dir='ltr'>&#39;Qui</span> <span class='ocrx_word' id='word_1_241' title='bbox 369 1708 429 1742; x_wconf 80' lang='lat' dir='ltr'>tria</span> <span class='ocrx_word' id='word_1_242' title='bbox 448 1713 520 1742; x_wconf 85' lang='lat' dir='ltr'>vota</span> <span class='ocrx_word' id='word_1_243' title='bbox 541 1708 760 1741; x_wconf 81' lang='lat' dir='ltr'>substantialia</span> <span class='ocrx_word' id='word_1_244' title='bbox 783 1717 846 1739; x_wconf 90' lang='lat' dir='ltr'>non</span> <span class='ocrx_word' id='word_1_245' title='bbox 877 1707 1053 1747; x_wconf 72' lang='lat' dir='ltr'>emiserint,</span> <span class='ocrx_word' id='word_1_246' title='bbox 1090 1707 1128 1739; x_wconf 81' lang='lat' dir='ltr'>ad</span> <span class='ocrx_word' id='word_1_247' title='bbox 1151 1718 1184 1740; x_wconf 85' lang='lat' dir='ltr'>ea</span> <span class='ocrx_word' id='word_1_248' title='bbox 1208 1708 1380 1741; x_wconf 80' lang='lat' dir='ltr'>emittenda</span> <span class='ocrx_word' id='word_1_249' title='bbox 1402 1719 1466 1741; x_wconf 91' lang='lat' dir='ltr'>non</span> <span class='ocrx_word' id='word_1_250' title='bbox 1488 1716 1659 1752; x_wconf 77' lang='lat' dir='ltr'>cogantur,</span> <span class='ocrx_word' id='word_1_251' title='bbox 1689 1712 1744 1744; x_wconf 87' lang='lat' dir='ltr'>sed</span> 
     </span>
    </p>
   </div>
   <div class='ocr_carea' id='block_1_4' title="bbox 285 1760 1800 1801">
    <p class='ocr_par' dir='ltr' id='par_1_13' title="bbox 285 1760 1800 1801">
     <span class='ocr_line' id='line_1_30' title="bbox 285 1760 1800 1801; baseline 0.001 -5"><span class='ocrx_word' id='word_1_252' title='bbox 285 1767 435 1797; x_wconf 84' lang='lat' dir='ltr'>maneant</span> <span class='ocrx_word' id='word_1_253' title='bbox 455 1762 515 1795; x_wconf 85' lang='lat' dir='ltr'>sub</span> <span class='ocrx_word' id='word_1_254' title='bbox 537 1761 738 1795; x_wconf 74' lang='lat' dir='ltr'>correctione</span> <span class='ocrx_word' id='word_1_255' title='bbox 759 1761 894 1793; x_wconf 80' lang='lat' dir='ltr'>fratrum</span> <span class='ocrx_word' id='word_1_256' title='bbox 915 1760 953 1793; x_wconf 89' lang='lat' dir='ltr'>de</span> <span class='ocrx_word' id='word_1_257' title='bbox 974 1760 1193 1801; x_wconf 81' lang='lat' dir='ltr'>Observantia,</span> <span class='ocrx_word' id='word_1_258' title='bbox 1225 1762 1301 1794; x_wconf 77' lang='lat' dir='ltr'>ibid.</span> <span class='ocrx_word' id='word_1_259' title='bbox 1330 1762 1373 1795; x_wconf 86' lang='lat' dir='ltr'>De</span> <span class='ocrx_word' id='word_1_260' title='bbox 1393 1774 1505 1796; x_wconf 87' lang='lat' dir='ltr'>eorum</span> <span class='ocrx_word' id='word_1_261' title='bbox 1527 1763 1619 1797; x_wconf 85' lang='lat' dir='ltr'>bonis</span> <span class='ocrx_word' id='word_1_262' title='bbox 1643 1765 1748 1798; x_wconf 89' lang='lat' dir='ltr'>mobi-</span> <span class='ocrx_word' id='word_1_263' title='bbox 1792 1786 1800 1795; x_wconf 83' lang='lat'>.</span> 
     </span>
    </p>
   </div>
   <div class='ocr_carea' id='block_1_5' title="bbox 194 1815 1749 2722">
    <p class='ocr_par' dir='ltr' id='par_1_14' title="bbox 282 1815 1749 1964">
     <span class='ocr_line' id='line_1_31' title="bbox 282 1815 1747 1858; baseline 0.001 -8"><span class='ocrx_word' id='word_1_264' title='bbox 282 1817 368 1850; x_wconf 87' lang='lat' dir='ltr'>libus</span> <span class='ocrx_word' id='word_1_265' title='bbox 389 1823 420 1849; x_wconf 87' lang='lat' dir='ltr'>et</span> <span class='ocrx_word' id='word_1_266' title='bbox 439 1815 661 1848; x_wconf 85' lang='lat' dir='ltr'>immobilibus</span> <span class='ocrx_word' id='word_1_267' title='bbox 682 1815 759 1858; x_wconf 84' lang='lat' dir='ltr'>quid</span> <span class='ocrx_word' id='word_1_268' title='bbox 781 1815 956 1857; x_wconf 64' lang='lat' dir='ltr'>agendum,</span> <span class='ocrx_word' id='word_1_269' title='bbox 981 1815 1056 1847; x_wconf 79' lang='lat' dir='ltr'>ibid.</span> <span class='ocrx_word' id='word_1_270' title='bbox 1082 1815 1109 1846; x_wconf 89' lang='lat' dir='ltr'>b.</span> <span class='ocrx_word' id='word_1_271' title='bbox 1134 1815 1282 1848; x_wconf 85' lang='lat' dir='ltr'>Facultas</span> <span class='ocrx_word' id='word_1_272' title='bbox 1302 1816 1562 1857; x_wconf 75' lang='lat' dir='ltr'>reformatorum,</span> <span class='ocrx_word' id='word_1_273' title='bbox 1586 1818 1662 1850; x_wconf 80' lang='lat' dir='ltr'>ibid.</span> <span class='ocrx_word' id='word_1_274' title='bbox 1686 1818 1747 1852; x_wconf 89' lang='lat' dir='ltr'>Re-</span> 
     </span>
     <span class='ocr_line' id='line_1_32' title="bbox 283 1868 1749 1911; baseline 0.002 -7"><span class='ocrx_word' id='word_1_275' title='bbox 283 1871 461 1905; x_wconf 87' lang='lat' dir='ltr'>formandis</span> <span class='ocrx_word' id='word_1_276' title='bbox 481 1870 609 1904; x_wconf 88' lang='lat' dir='ltr'>licentia</span> <span class='ocrx_word' id='word_1_277' title='bbox 630 1870 820 1903; x_wconf 82' lang='lat' dir='ltr'>conceditur</span> <span class='ocrx_word' id='word_1_278' title='bbox 848 1870 887 1901; x_wconf 81' lang='lat' dir='ltr'>ad</span> <span class='ocrx_word' id='word_1_279' title='bbox 908 1869 1007 1901; x_wconf 82' lang='lat' dir='ltr'>alium</span> <span class='ocrx_word' id='word_1_280' title='bbox 1036 1868 1187 1902; x_wconf 77' lang='lat' dir='ltr'>Ordinem</span> <span class='ocrx_word' id='word_1_281' title='bbox 1221 1871 1421 1911; x_wconf 81' lang='lat' dir='ltr'>transeundi,</span> <span class='ocrx_word' id='word_1_282' title='bbox 1445 1871 1621 1905; x_wconf 87' lang='lat' dir='ltr'>dummodo</span> <span class='ocrx_word' id='word_1_283' title='bbox 1642 1874 1749 1907; x_wconf 86' lang='lat' dir='ltr'>ohser—</span> 
     </span>
     <span class='ocr_line' id='line_1_33' title="bbox 286 1923 719 1964; baseline -0.007 -6"><span class='ocrx_word' id='word_1_284' title='bbox 286 1924 423 1958; x_wconf 83' lang='lat' dir='ltr'>vantiam</span> <span class='ocrx_word' id='word_1_285' title='bbox 444 1929 583 1964; x_wconf 85' lang='lat' dir='ltr'>teneant,</span> <span class='ocrx_word' id='word_1_286' title='bbox 603 1923 667 1957; x_wconf 70' lang='lat'>6⁶27</span> <span class='ocrx_word' id='word_1_287' title='bbox 690 1935 719 1955; x_wconf 77' lang='lat' dir='ltr'>a.</span> 
     </span>
    </p>

    <p class='ocr_par' dir='ltr' id='par_1_15' title="bbox 194 1976 1748 2722">
     <span class='ocr_line' id='line_1_34' title="bbox 194 1976 1748 2021; baseline 0.001 -9"><span class='ocrx_word' id='word_1_288' title='bbox 194 1978 424 2012; x_wconf 83' lang='lat' dir='ltr'>Conventualia</span> <span class='ocrx_word' id='word_1_289' title='bbox 446 1978 637 2011; x_wconf 85' lang='lat' dir='ltr'>monasteria</span> <span class='ocrx_word' id='word_1_290' title='bbox 659 1977 690 2010; x_wconf 92' lang='lat' dir='ltr'>in</span> <span class='ocrx_word' id='word_1_291' title='bbox 712 1977 862 2021; x_wconf 81' lang='lat' dir='ltr'>Hispania</span> <span class='ocrx_word' id='word_1_292' title='bbox 885 1977 996 2009; x_wconf 80' lang='lat' dir='ltr'>tollere</span> <span class='ocrx_word' id='word_1_293' title='bbox 1018 1976 1163 2009; x_wconf 80' lang='lat' dir='ltr'>decernit</span> <span class='ocrx_word' id='word_1_294' title='bbox 1184 1977 1259 2009; x_wconf 82' lang='lat' dir='ltr'>Pius</span> <span class='ocrx_word' id='word_1_295' title='bbox 1280 1978 1312 2018; x_wconf 85' lang='lat' dir='ltr'>V,</span> <span class='ocrx_word' id='word_1_296' title='bbox 1333 1977 1397 2011; x_wconf 83' lang='lat'>566</span> <span class='ocrx_word' id='word_1_297' title='bbox 1418 1990 1452 2017; x_wconf 78' lang='lat' dir='ltr'>a,·</span> <span class='ocrx_word' id='word_1_298' title='bbox 1473 1979 1586 2012; x_wconf 85' lang='lat' dir='ltr'>fratres</span> <span class='ocrx_word' id='word_1_299' title='bbox 1609 1990 1748 2014; x_wconf 90' lang='lat' dir='ltr'>conven-</span> 
     </span>
     <span class='ocr_line' id='line_1_35' title="bbox 282 2030 1745 2067; baseline 0.002 -3"><span class='ocrx_word' id='word_1_300' title='bbox 282 2032 385 2065; x_wconf 86' lang='lat' dir='ltr'>tuales</span> <span class='ocrx_word' id='word_1_301' title='bbox 406 2032 436 2064; x_wconf 81' lang='lat' dir='ltr'>S.</span> <span class='ocrx_word' id='word_1_302' title='bbox 460 2030 620 2064; x_wconf 83' lang='lat' dir='ltr'>Francisci</span> <span class='ocrx_word' id='word_1_303' title='bbox 644 2032 703 2063; x_wconf 74' lang='lat' dir='ltr'>suli</span> <span class='ocrx_word' id='word_1_304' title='bbox 725 2032 824 2063; x_wconf 84' lang='lat' dir='ltr'>forma</span> <span class='ocrx_word' id='word_1_305' title='bbox 856 2030 979 2062; x_wconf 81' lang='lat' dir='ltr'>vivendi</span> <span class='ocrx_word' id='word_1_306' title='bbox 1013 2030 1147 2063; x_wconf 77' lang='lat' dir='ltr'>fratrum</span> <span class='ocrx_word' id='word_1_307' title='bbox 1169 2031 1328 2064; x_wconf 79' lang='lat' dir='ltr'>Minorum</span> <span class='ocrx_word' id='word_1_308' title='bbox 1349 2032 1387 2064; x_wconf 86' lang='lat' dir='ltr'>de</span> <span class='ocrx_word' id='word_1_309' title='bbox 1408 2032 1615 2065; x_wconf 79' lang='lat' dir='ltr'>Observantia</span> <span class='ocrx_word' id='word_1_310' title='bbox 1635 2038 1665 2066; x_wconf 84' lang='lat' dir='ltr'>et</span> <span class='ocrx_word' id='word_1_311' title='bbox 1685 2035 1745 2067; x_wconf 89' lang='lat' dir='ltr'>sub</span> 
     </span>
     <span class='ocr_line' id='line_1_36' title="bbox 282 2083 1744 2128; baseline 0.001 -10"><span class='ocrx_word' id='word_1_312' title='bbox 282 2084 463 2119; x_wconf 86' lang='lat' dir='ltr'>obedientia</span> <span class='ocrx_word' id='word_1_313' title='bbox 485 2084 621 2117; x_wconf 86' lang='lat' dir='ltr'>ministri</span> <span class='ocrx_word' id='word_1_314' title='bbox 642 2084 801 2127; x_wconf 74' lang='lat' dir='ltr'>generalis</span> <span class='ocrx_word' id='word_1_315' title='bbox 836 2083 961 2126; x_wconf 64' lang='lat' dir='ltr'>redigit,</span> <span class='ocrx_word' id='word_1_316' title='bbox 1000 2083 1094 2119; x_wconf 52' lang='lat' dir='ltr'>ibici:</span> <span class='ocrx_word' id='word_1_317' title='bbox 1129 2084 1301 2118; x_wconf 77' lang='lat' dir='ltr'>canonicos</span> <span class='ocrx_word' id='word_1_318' title='bbox 1328 2086 1491 2128; x_wconf 75' lang='lat' dir='ltr'>regulares</span> <span class='ocrx_word' id='word_1_319' title='bbox 1511 2085 1541 2118; x_wconf 80' lang='lat' dir='ltr'>S.</span> <span class='ocrx_word' id='word_1_320' title='bbox 1566 2086 1744 2126; x_wconf 77' lang='lat' dir='ltr'>Benedicti,</span> 
     </span>
     <span class='ocr_line' id='line_1_37' title="bbox 282 2136 1746 2181; baseline 0.001 -9"><span class='ocrx_word' id='word_1_321' title='bbox 282 2138 518 2178; x_wconf 73' lang='lat' dir='ltr'>cistercienses,</span> <span class='ocrx_word' id='word_1_322' title='bbox 554 2137 805 2177; x_wconf 75' lang='lat' dir='ltr'>praedicatores,</span> <span class='ocrx_word' id='word_1_323' title='bbox 841 2137 997 2170; x_wconf 78' lang='lat' dir='ltr'>Eremitas</span> <span class='ocrx_word' id='word_1_324' title='bbox 1018 2136 1048 2169; x_wconf 82' lang='lat' dir='ltr'>S.</span> <span class='ocrx_word' id='word_1_325' title='bbox 1082 2137 1251 2179; x_wconf 70' lang='lat' dir='ltr'>Augustini</span> <span class='ocrx_word' id='word_1_326' title='bbox 1285 2138 1430 2181; x_wconf 85' lang='lat' dir='ltr'>aliosque</span> <span class='ocrx_word' id='word_1_327' title='bbox 1457 2137 1687 2172; x_wconf 85' lang='lat' dir='ltr'>Conventuales</span> <span class='ocrx_word' id='word_1_328' title='bbox 1707 2140 1746 2173; x_wconf 88' lang='lat' dir='ltr'>ad</span> 
     </span>
     <span class='ocr_line' id='line_1_38' title="bbox 283 2191 1743 2235; baseline 0 -8"><span class='ocrx_word' id='word_1_329' title='bbox 283 2193 491 2228; x_wconf 86' lang='lat' dir='ltr'>Observantes</span> <span class='ocrx_word' id='word_1_330' title='bbox 512 2204 625 2226; x_wconf 88' lang='lat' dir='ltr'>eorum</span> <span class='ocrx_word' id='word_1_331' title='bbox 645 2192 801 2226; x_wconf 87' lang='lat' dir='ltr'>Ordiuum</span> <span class='ocrx_word' id='word_1_332' title='bbox 822 2192 994 2225; x_wconf 77' lang='lat' dir='ltr'>transferre</span> <span class='ocrx_word' id='word_1_333' title='bbox 1020 2191 1174 2232; x_wconf 81' lang='lat' dir='ltr'>decernit,</span> <span class='ocrx_word' id='word_1_334' title='bbox 1205 2193 1282 2226; x_wconf 75' lang='lat' dir='ltr'>ibid.</span> <span class='ocrx_word' id='word_1_335' title='bbox 1306 2193 1333 2225; x_wconf 90' lang='lat' dir='ltr'>b.</span> <span class='ocrx_word' id='word_1_336' title='bbox 1369 2194 1473 2226; x_wconf 84' lang='lat' dir='ltr'>Poena</span> <span class='ocrx_word' id='word_1_337' title='bbox 1495 2193 1525 2226; x_wconf 92' lang='lat' dir='ltr'>in</span> <span class='ocrx_word' id='word_1_338' title='bbox 1549 2194 1721 2228; x_wconf 86' lang='lat' dir='ltr'>renitentes</span> <span class='ocrx_word' id='word_1_339' title='bbox 1735 2221 1743 2235; x_wconf 91' lang='lat'><em>‚</em></span> 
     </span>
     <span class='ocr_line' id='line_1_39' title="bbox 283 2245 1745 2287; baseline 0.001 -7"><span class='ocrx_word' id='word_1_340' title='bbox 283 2246 345 2280; x_wconf 88' lang='lat'>567</span> <span class='ocrx_word' id='word_1_341' title='bbox 367 2258 398 2279; x_wconf 80' lang='lat' dir='ltr'>a.</span> <span class='ocrx_word' id='word_1_342' title='bbox 420 2246 593 2280; x_wconf 85' lang='lat' dir='ltr'>Permissio</span> <span class='ocrx_word' id='word_1_343' title='bbox 614 2246 886 2280; x_wconf 83' lang='lat' dir='ltr'>Conventualibus</span> <span class='ocrx_word' id='word_1_344' title='bbox 907 2245 1041 2287; x_wconf 61' lang='lat' dir='ltr'>aliis-qut=</span> <span class='ocrx_word' id='word_1_345' title='bbox 1074 2246 1226 2279; x_wconf 83' lang='lat' dir='ltr'>fratribus</span> <span class='ocrx_word' id='word_1_346' title='bbox 1247 2258 1397 2280; x_wconf 80' lang='lat' dir='ltr'>concessa</span> <span class='ocrx_word' id='word_1_347' title='bbox 1419 2259 1450 2280; x_wconf 81' lang='lat' dir='ltr'>se</span> <span class='ocrx_word' id='word_1_348' title='bbox 1472 2247 1685 2281; x_wconf 83' lang='lat' dir='ltr'>transferendi</span> <span class='ocrx_word' id='word_1_349' title='bbox 1706 2248 1745 2282; x_wconf 86' lang='lat' dir='ltr'>ad</span> 
     </span>
     <span class='ocr_line' id='line_1_40' title="bbox 283 2300 1746 2345; baseline 0 -11"><span class='ocrx_word' id='word_1_350' title='bbox 283 2301 382 2334; x_wconf 83' lang='lat' dir='ltr'>alium</span> <span class='ocrx_word' id='word_1_351' title='bbox 417 2300 570 2334; x_wconf 85' lang='lat' dir='ltr'>Ordinem</span> <span class='ocrx_word' id='word_1_352' title='bbox 600 2300 837 2340; x_wconf 86' lang='lat' dir='ltr'>Observantiac,</span> <span class='ocrx_word' id='word_1_353' title='bbox 873 2300 950 2332; x_wconf 78' lang='lat' dir='ltr'>ibid.</span> <span class='ocrx_word' id='word_1_354' title='bbox 975 2300 1002 2331; x_wconf 89' lang='lat' dir='ltr'>b.</span> <span class='ocrx_word' id='word_1_355' title='bbox 1024 2301 1110 2333; x_wconf 81' lang='lat' dir='ltr'>Bona</span> <span class='ocrx_word' id='word_1_356' title='bbox 1141 2301 1302 2334; x_wconf 82' lang='lat' dir='ltr'>dictorum</span> <span class='ocrx_word' id='word_1_357' title='bbox 1335 2302 1470 2334; x_wconf 84' lang='lat' dir='ltr'>fratrum</span> <span class='ocrx_word' id='word_1_358' title='bbox 1491 2301 1654 2345; x_wconf 85' lang='lat' dir='ltr'>quomodo</span> <span class='ocrx_word' id='word_1_359' title='bbox 1676 2312 1746 2335; x_wconf 89' lang='lat' dir='ltr'>ero-</span> 
     </span>
     <span class='ocr_line' id='line_1_41' title="bbox 281 2354 1745 2398; baseline 0 -10"><span class='ocrx_word' id='word_1_360' title='bbox 281 2354 397 2398; x_wconf 82' lang='lat' dir='ltr'>ganda,</span> <span class='ocrx_word' id='word_1_361' title='bbox 420 2355 508 2388; x_wconf 85' lang='lat' dir='ltr'>etde</span> <span class='ocrx_word' id='word_1_362' title='bbox 534 2354 673 2388; x_wconf 87' lang='lat' dir='ltr'>residuis</span> <span class='ocrx_word' id='word_1_363' title='bbox 693 2354 771 2397; x_wconf 85' lang='lat' dir='ltr'>quid</span> <span class='ocrx_word' id='word_1_364' title='bbox 793 2354 1004 2397; x_wconf 86' lang='lat' dir='ltr'>imposterum</span> <span class='ocrx_word' id='word_1_365' title='bbox 1026 2355 1199 2397; x_wconf 74' lang='lat' dir='ltr'>agendum,</span> <span class='ocrx_word' id='word_1_366' title='bbox 1232 2355 1311 2388; x_wconf 80' lang='lat' dir='ltr'>ibid.</span> <span class='ocrx_word' id='word_1_367' title='bbox 1341 2356 1368 2387; x_wconf 90' lang='lat' dir='ltr'>b.</span> <span class='ocrx_word' id='word_1_368' title='bbox 1393 2355 1499 2388; x_wconf 87' lang='lat' dir='ltr'>Poena</span> <span class='ocrx_word' id='word_1_369' title='bbox 1530 2354 1561 2387; x_wconf 90' lang='lat' dir='ltr'>in</span> <span class='ocrx_word' id='word_1_370' title='bbox 1583 2355 1745 2389; x_wconf 86' lang='lat' dir='ltr'>contradi-</span> 
     </span>
     <span class='ocr_line' id='line_1_42' title="bbox 285 2407 1745 2449; baseline 0.001 -7"><span class='ocrx_word' id='word_1_371' title='bbox 285 2414 400 2449; x_wconf 86' lang='lat' dir='ltr'>ctores,</span> <span class='ocrx_word' id='word_1_372' title='bbox 423 2409 502 2441; x_wconf 81' lang='lat' dir='ltr'>ibid.</span> <span class='ocrx_word' id='word_1_373' title='bbox 530 2409 714 2441; x_wconf 81' lang='lat' dir='ltr'>Mandatum</span> <span class='ocrx_word' id='word_1_374' title='bbox 735 2408 775 2441; x_wconf 90' lang='lat' dir='ltr'>de</span> <span class='ocrx_word' id='word_1_375' title='bbox 790 2408 1005 2442; x_wconf 81' lang='lat' dir='ltr'>reformandis</span> <span class='ocrx_word' id='word_1_376' title='bbox 1021 2408 1225 2442; x_wconf 84' lang='lat' dir='ltr'>monasteriis</span> <span class='ocrx_word' id='word_1_377' title='bbox 1246 2407 1448 2448; x_wconf 87' lang='lat' dir='ltr'>monialium,</span> <span class='ocrx_word' id='word_1_378' title='bbox 1471 2407 1535 2441; x_wconf 87' lang='lat'>568</span> <span class='ocrx_word' id='word_1_379' title='bbox 1551 2419 1582 2441; x_wconf 86' lang='lat' dir='ltr'>a.</span> <span class='ocrx_word' id='word_1_380' title='bbox 1599 2408 1745 2443; x_wconf 82' lang='lat' dir='ltr'>Facultas</span> 
     </span>
     <span class='ocr_line' id='line_1_43' title="bbox 282 2461 1746 2507; baseline 0 -11"><span class='ocrx_word' id='word_1_381' title='bbox 282 2462 514 2505; x_wconf 79' lang='lat' dir='ltr'>subdelegandi</span> <span class='ocrx_word' id='word_1_382' title='bbox 534 2468 723 2496; x_wconf 73' lang='lat' dir='ltr'>executores</span> <span class='ocrx_word' id='word_1_383' title='bbox 743 2472 801 2505; x_wconf 91' lang='lat' dir='ltr'>pro</span> <span class='ocrx_word' id='word_1_384' title='bbox 817 2462 1047 2496; x_wconf 83' lang='lat' dir='ltr'>reformatione</span> <span class='ocrx_word' id='word_1_385' title='bbox 1060 2462 1251 2495; x_wconf 89' lang='lat' dir='ltr'>monialium</span> <span class='ocrx_word' id='word_1_386' title='bbox 1267 2461 1519 2505; x_wconf 85' lang='lat' dir='ltr'>archiepiscopis</span> <span class='ocrx_word' id='word_1_387' title='bbox 1539 2467 1569 2494; x_wconf 88' lang='lat' dir='ltr'>et</span> <span class='ocrx_word' id='word_1_388' title='bbox 1585 2461 1746 2507; x_wconf 86' lang='lat' dir='ltr'>episcopis</span> 
     </span>
     <span class='ocr_line' id='line_1_44' title="bbox 283 2515 1743 2560; baseline 0 -11"><span class='ocrx_word' id='word_1_389' title='bbox 283 2526 447 2556; x_wconf 78' lang='lat' dir='ltr'>concessa,</span> <span class='ocrx_word' id='word_1_390' title='bbox 469 2516 548 2548; x_wconf 81' lang='lat' dir='ltr'>ibid.</span> <span class='ocrx_word' id='word_1_391' title='bbox 572 2516 604 2555; x_wconf 81' lang='lat' dir='ltr'>b,·</span> <span class='ocrx_word' id='word_1_392' title='bbox 624 2516 718 2560; x_wconf 66' lang='lat' dir='ltr'>plura</span> <span class='ocrx_word' id='word_1_393' title='bbox 737 2516 930 2549; x_wconf 85' lang='lat' dir='ltr'>monasteria</span> <span class='ocrx_word' id='word_1_394' title='bbox 951 2517 1181 2550; x_wconf 81' lang='lat' dir='ltr'>Conventualia</span> <span class='ocrx_word' id='word_1_395' title='bbox 1201 2515 1343 2554; x_wconf 87' lang='lat' dir='ltr'>uniendi,</span> <span class='ocrx_word' id='word_1_396' title='bbox 1364 2526 1423 2558; x_wconf 89' lang='lat' dir='ltr'>pro</span> <span class='ocrx_word' id='word_1_397' title='bbox 1445 2526 1586 2558; x_wconf 82' lang='lat' dir='ltr'>congrua</span> <span class='ocrx_word' id='word_1_398' title='bbox 1607 2515 1743 2549; x_wconf 83' lang='lat' dir='ltr'>fratrum</span> 
     </span>
     <span class='ocr_line' id='line_1_45' title="bbox 281 2568 1744 2614; baseline -0.001 -11"><span class='ocrx_word' id='word_1_399' title='bbox 281 2569 526 2604; x_wconf 76' lang='lat' dir='ltr'>observantium</span> <span class='ocrx_word' id='word_1_400' title='bbox 547 2569 790 2610; x_wconf 80' lang='lat' dir='ltr'>sustentatione,</span> <span class='ocrx_word' id='word_1_401' title='bbox 813 2569 876 2603; x_wconf 73' lang='lat'>560</span> <span class='ocrx_word' id='word_1_402' title='bbox 896 2582 928 2603; x_wconf 75' lang='lat' dir='ltr'>ci.</span> <span class='ocrx_word' id='word_1_403' title='bbox 960 2570 1189 2603; x_wconf 84' lang='lat' dir='ltr'>Reformantur</span> <span class='ocrx_word' id='word_1_404' title='bbox 1210 2569 1330 2614; x_wconf 82' lang='lat' dir='ltr'>pariter</span> <span class='ocrx_word' id='word_1_405' title='bbox 1350 2569 1545 2602; x_wconf 82' lang='lat' dir='ltr'>monasteria</span> <span class='ocrx_word' id='word_1_406' title='bbox 1565 2569 1662 2602; x_wconf 83' lang='lat' dir='ltr'>Tertii</span> <span class='ocrx_word' id='word_1_407' title='bbox 1686 2568 1744 2602; x_wconf 93' lang='lat' dir='ltr'>Or-</span> 
     </span>
     <span class='ocr_line' id='line_1_46' title="bbox 281 2621 1746 2665; baseline -0.001 -9"><span class='ocrx_word' id='word_1_408' title='bbox 281 2623 364 2656; x_wconf 87' lang='lat' dir='ltr'>dinis</span> <span class='ocrx_word' id='word_1_409' title='bbox 393 2623 424 2656; x_wconf 90' lang='lat' dir='ltr'>S.</span> <span class='ocrx_word' id='word_1_410' title='bbox 448 2622 622 2663; x_wconf 86' lang='lat' dir='ltr'>Franeisci,</span> <span class='ocrx_word' id='word_1_411' title='bbox 645 2623 724 2656; x_wconf 85' lang='lat' dir='ltr'>ibid.</span> <span class='ocrx_word' id='word_1_412' title='bbox 756 2623 882 2657; x_wconf 84' lang='lat' dir='ltr'>Fratres</span> <span class='ocrx_word' id='word_1_413' title='bbox 916 2624 1248 2657; x_wconf 81' lang='lat' dir='ltr'>Praemonstratenses</span> <span class='ocrx_word' id='word_1_414' title='bbox 1282 2621 1500 2655; x_wconf 89' lang='lat' dir='ltr'>subiiciuntur</span> <span class='ocrx_word' id='word_1_415' title='bbox 1530 2622 1671 2665; x_wconf 79' lang='lat' dir='ltr'>Regulae</span> <span class='ocrx_word' id='word_1_416' title='bbox 1687 2622 1746 2655; x_wconf 89' lang='lat' dir='ltr'>Ob-</span> 
     </span>
     <span class='ocr_line' id='line_1_47' title="bbox 279 2676 1744 2722; baseline 0 -11"><span class='ocrx_word' id='word_1_417' title='bbox 279 2677 473 2712; x_wconf 85' lang='lat' dir='ltr'>servantium</span> <span class='ocrx_word' id='word_1_418' title='bbox 494 2677 525 2711; x_wconf 89' lang='lat' dir='ltr'>S.</span> <span class='ocrx_word' id='word_1_419' title='bbox 549 2677 747 2722; x_wconf 77' lang='lat' dir='ltr'>Hieronymi,</span> <span class='ocrx_word' id='word_1_420' title='bbox 774 2678 854 2712; x_wconf 81' lang='lat' dir='ltr'>ibid.</span> <span class='ocrx_word' id='word_1_421' title='bbox 878 2679 907 2712; x_wconf 89' lang='lat' dir='ltr'>b.</span> <span class='ocrx_word' id='word_1_422' title='bbox 931 2678 1041 2712; x_wconf 86' lang='lat' dir='ltr'>Eidem</span> <span class='ocrx_word' id='word_1_423' title='bbox 1057 2679 1199 2722; x_wconf 82' lang='lat' dir='ltr'>Regulae</span> <span class='ocrx_word' id='word_1_424' title='bbox 1217 2676 1438 2711; x_wconf 88' lang='lat' dir='ltr'>subiiciuntur</span> <span class='ocrx_word' id='word_1_425' title='bbox 1457 2676 1618 2711; x_wconf 86' lang='lat' dir='ltr'>Eremitae</span> <span class='ocrx_word' id='word_1_426' title='bbox 1639 2676 1744 2711; x_wconf 84' lang='lat' dir='ltr'>Sancti</span> 
     </span>
    </p>
   </div>
  </div>
 </body>
</html>
