2237 3100
78 204 125 231 Λη.
145 204 174 230 C.
195 205 262 232 1560

937 205 1004 229 PIUS
1028 204 1058 228 lv
1082 204 1130 228 Pr.

275 256 446 300 deputatis;
456 266 645 301 eorumque,
656 268 781 291 necnon
793 259 936 292 eiusdem
948 260 1023 292 Bca-

275 315 324 342 tae
343 309 459 343 Mariae
479 310 517 343 de
537 310 660 355 Populo
681 317 710 345 et
725 311 968 351 Consolationis,
986 323 1023 345 ac

275 363 381 397 Sancti
414 364 540 397 Ioannis
573 365 730 409 Baptistae
764 366 1022 399 Florentinorum

274 417 407 461 aliisque
428 418 571 452 eiusdem
587 420 688 453 almae
705 420 798 453 Urbis
814 420 968 460 ecclesiis,
987 431 1023 454 ac

274 470 328 503 illa
361 476 392 504 et
416 471 485 504 illas
509 472 708 506 visitantibus
731 474 777 506 vel
807 473 851 506 eis
871 473 951 506 bene
977 474 1022 505 fa-

273 523 447 565 cientibus,
476 535 654 569 eorumque
687 525 1019 565 administratoribus,

273 578 469 620 guardianis,
491 579 684 619 rectoribus,
707 579 915 623 cappellanis,
934 579 1023 612 fami-

273 631 425 673 liaribus,
460 633 664 674 oeconomis,
695 633 965 677 gubernatoribus
992 638 1022 666 et,

272 685 342 719 aliis
374 687 520 730 personis
552 686 688 720 similem
719 698 829 720 curam
852 687 883 719 in
903 687 948 720 eis
967 697 1020 719 su-

272 739 452 781 mentibus,
474 751 511 773 ac
532 740 731 784 pauperibus
751 747 781 773 et
805 739 942 773 infirmis
969 751 1022 773 eo-

272 805 364 834 rum,
396 794 490 827 etiam
525 805 583 837 per
615 804 673 826 nos
706 805 743 826 ac
776 794 936 838 praefatos
965 805 1020 827 seu

271 859 495 892 quoscumque
533 847 611 881 alios
652 848 814 881 Romanos
851 848 1021 882 Pontifices

271 902 535 946 praedecessores
559 907 587 934 et
614 912 815 934 successores
839 907 965 935 nostros
984 913 1020 935 ac

270 955 385 989 Sedent
405 955 550 988 eamdem
566 954 726 988 concessis
745 959 775 987 et
793 954 1018 995 concedendis,

270 1013 301 1041 et
320 1008 438 1052 quibus
454 1008 516 1049 illi,
530 1008 602 1041 illae
614 1014 643 1041 et
655 1008 708 1040 illa
724 1012 870 1048 utuntur,
889 1009 1020 1052 potiun-

270 1068 323 1095 tur
343 1063 549 1106 etgaudent,
571 1073 607 1094 ac
628 1061 689 1101 uti,
710 1061 806 1105 potiri
826 1067 856 1095 et
880 1063 1021 1104 gaudere

270 1121 421 1160 poterunt
440 1114 682 1158 quomodolibet
707 1115 739 1147 in
760 1115 918 1156 futurum,
942 1127 1020 1150 con-

269 1168 448 1202 fraternitas
467 1167 573 1201 Sancti
596 1167 697 1201 Rochi
721 1167 872 1212 illiusque
894 1170 1020 1203 confra-

270 1228 343 1262 tres,
366 1221 512 1262 ecclesia‚
534 1221 705 1264 hospitale,
732 1221 847 1255 domus
871 1228 900 1256 et
920 1223 1021 1256 admi-

267 1275 464 1314 nistratores,
488 1280 641 1315 rectores,
665 1275 863 1319 cappellani,
887 1277 1019 1310 servito-

267 1338 335 1367 res,
367 1327 558 1369 familiares,
589 1328 743 1368 ministri,
780 1330 950 1363 oeconomi
983 1342 1020 1364 ac

252 1382 498 1425 ‘gubernatores
532 1383 736 1424 huiusmodi,
765 1383 910 1428 aliaeque
945 1397 1019 1429 per-

266 1447 362 1471 sonae
373 1436 519 1476 similem
541 1448 653 1469 curam
679 1437 757 1470 inibi
779 1445 960 1482 sumentes,
983 1451 1020 1474 ac

266 1492 319 1524 illa
347 1491 509 1525 visitantes
544 1492 590 1524 vel
624 1491 669 1525 eis
700 1491 955 1535 benefacienteS,
983 1506 1019 1528 ex

265 1556 351 1579 nunc
382 1545 414 1578 in
442 1550 636 1589 perpetuum
671 1550 822 1587 utantur,
854 1547 1020 1591 potiantur

265 1605 296 1634 et
313 1599 484 1643 gaudeant,
505 1610 542 1632 ac
562 1599 624 1640 uti,
648 1599 745 1644 potiri
766 1605 795 1633 et
817 1601 959 1644 gaudere
979 1602 1018 1634 li-

264 1654 340 1687 bere
352 1658 380 1686 et
393 1653 478 1686 licite
488 1652 656 1686 valeantin
668 1653 818 1686 omnibus
833 1659 861 1687 et
879 1666 937 1698 per
952 1666 1019 1688 om-

264 1708 334 1748 nia,
358 1707 491 1751 perinde
511 1717 548 1740 ac
573 1707 597 1740 si
623 1707 742 1739 eisdem
764 1708 1018 1742 confraternitati

264 1761 371 1795 Sancti
390 1761 504 1802 Rochi,
525 1761 752 1802 confratribus,
778 1762 944 1803 ecclesiae,
962 1764 1020 1797 ho-

263 1816 385 1860 spitalis
404 1815 676 1859 gubernatoribus
701 1821 731 1849 et
756 1815 826 1849 aliis
851 1818 1016 1860 personis,

263 1881 300 1904 ac
319 1870 374 1903 illa
393 1870 595 1903 visitantibus
619 1875 649 1902 et
669 1870 958 1913 benefacientibus,
981 1883 1017 1906 ac

262 1923 332 1956 aliis
352 1924 503 1968 praefatis
528 1934 587 1968 pro
612 1929 757 1967 tempore
785 1924 968 1968 specialiter
988 1931 1018 1960 et

263 1988 410 2021 expresse
431 1988 584 2011 concessa
604 1977 737 2011 fuissent
763 1989 799 2011 ac
820 1978 852 2011 in
870 1979 1017 2013 futurum

263 2031 530 2065 concederentur.
550 2031 681 2065 Necnon
703 2032 868 2075 quibusvis
888 2033 1018 2078 presby-

261 2084 355 2125 teris,
378 2090 442 2117 tam
463 2084 620 2127 religiosis
644 2096 741 2128 quam
777 2086 1014 2129 saecularibus,

262 2139 318 2183 qui
338 2139 370 2171 in
390 2138 457 2182 ipsa
474 2139 609 2172 ecclesia
625 2138 733 2172 Sancti
745 2139 845 2173 Roclii
860 2152 1016 2184 quocum-

262 2204 324 2236 que
358 2193 434 2225 anni
463 2197 608 2236 tempore
634 2193 876 2234 celebraverint,
900 2200 930 2227 et
949 2196 1017 2228 ani-

263 2246 377 2279 mabus
397 2245 666 2287 christifidelium,
689 2246 744 2290 qui
762 2246 794 2278 in
815 2247 944 2281 caritate
960 2249 1015 2282 Dei

263 2301 470 2340 decesserint,
493 2311 529 2333 ac
550 2311 608 2344 pro
629 2299 747 2343 quihus
766 2300 862 2334 iidem
884 2303 1015 2347 presby-

263 2354 322 2388 teri
352 2354 395 2386 ibi
425 2353 655 2387 celebraverint
677 2358 731 2386 aut
752 2355 907 2388 celebrari
934 2357 1016 2390 fece-

264 2403 327 2436 rint
360 2413 396 2435 ac
435 2402 615 2439 oraverint,
638 2402 766 2435 easdem
801 2402 1016 2447 indulgentias

263 2457 294 2485 et
326 2457 533 2496 peccatorum
564 2451 790 2492 remissiones,
822 2464 904 2496 quae
930 2455 1015 2488 cele-

262 2501 430 2534 brantibus
450 2512 508 2545 pro
528 2500 688 2534 defunctis
707 2501 739 2533 in
761 2503 906 2545 cappella
925 2503 1017 2537 Scala

263 2551 350 2584 Coeli
373 2555 561 2594 nuncupata
587 2550 771 2583 monasterii
796 2551 906 2584 Trium
931 2552 1015 2586 Fon-

1731 191 1772 226 73

1065 257 1211 301 cappella
1235 256 1266 288 in
1287 255 1444 298 Praesepc
1464 254 1609 295 Domini,
1633 255 1690 287 sita
1711 254 1742 288 in
1764 266 1817 289 ec-

1065 311 1162 345 clesia
1186 309 1329 343 eiusdem
1348 309 1461 342 Beatae
1492 308 1607 341 Mariae
1633 308 1759 342 Maioris
1779 309 1817 342 de

1065 366 1148 398 dicta
1168 364 1264 404 Urbe,
1283 370 1311 396 et
1333 362 1513 400 animabus,
1532 373 1590 406 pro
1611 362 1818 406 quibusinibi

1065 419 1246 451 celebratur
1266 422 1297 451 et
1316 422 1437 456 oratur,
1456 416 1645 449 auctoritate
1662 422 1691 449 et
1706 422 1818 450 tenore

1065 471 1253 516 praedictis,
1272 470 1479 504 concedimus
1491 475 1517 503 et
1532 470 1746 513 indulgemus.
1766 471 1817 514 lp-

1065 536 1177 569 sasque
1203 523 1438 567 indulgentias,
1465 523 1604 566 gratias,
1631 523 1815 566 privilegia,

1064 579 1199 619 indulta,
1222 578 1452 622 exemptiones,
1474 577 1702 617 immunitates,
1724 577 1819 611 liber-

1064 638 1142 665 tates
1162 638 1192 665 et
1212 632 1289 665 alias
1314 631 1536 665 concessiones
1557 642 1593 664 ac
1614 631 1818 665 remissiones

1064 685 1102 717 ad
1120 685 1201 725 illos,
1220 685 1290 718 illas
1310 690 1341 718 et
1360 686 1414 717 illa
1435 685 1636 718 extendimus
1656 691 1686 719 et
1705 696 1818 730 proro-

1063 749 1176 781 gamus
1195 750 1233 772 ac
1253 739 1459 783 ampliamus.

1107 793 1121 836 ξ
1142 793 1194 826 15.
1222 793 1258 825 Et
1282 793 1370 835 quod
1390 793 1666 826 administratores
1680 821 1687 834 ,
1710 799 1815 828 recto-

1063 857 1125 886 res,
1144 847 1337 890 cappellani,
1352 847 1532 886 servitores,
1556 847 1739 889 familiares,
1758 847 1815 880 mi-

1064 900 1163 940 nistri,
1184 900 1353 933 oeconomi
1370 905 1399 933 et
1411 901 1642 942 gubernatores
1662 901 1815 935 ecclesiae

1063 959 1093 985 et
1126 953 1396 987 confraternitatis
1426 953 1532 986 Sancti
1568 955 1666 987 Rochi
1702 955 1815 988 liuius-

1063 1008 1147 1040 modi
1190 1007 1426 1051 indulgentias,
1462 1008 1644 1052 privilegia,
1671 1008 1813 1051 indulta,

1063 1061 1301 1105 exemptiones,
1332 1061 1568 1102 immunitates,
1598 1062 1761 1096 libertates
1787 1069 1818 1097 et

1063 1114 1140 1148 alias
1160 1115 1385 1149 concessiones
1417 1126 1452 1148 ac
1478 1116 1683 1150 remissiones
1702 1116 1816 1151 huius-

1063 1169 1150 1202 modi
1179 1180 1217 1202 ac
1242 1169 1309 1203 dies
1329 1175 1359 1202 et
1379 1169 1469 1210 festa,
1492 1169 1525 1202 in
1546 1170 1673 1213 quibus,
1690 1176 1719 1203 et
1740 1182 1816 1204 cau-

1062 1234 1111 1256 sas
1140 1229 1273 1268 propter
1292 1234 1372 1267 quas
1396 1223 1467 1256 illas
1486 1224 1639 1267 consequi
1660 1224 1814 1265 debcant,

1062 1277 1102 1310 ad
1122 1288 1235 1310 eorum
1256 1278 1495 1321 beneplacitum
1517 1278 1675 1322 publicari
1697 1279 1814 1319 facere;

1062 1341 1189 1364 necnon
1210 1332 1429 1376 eleemosynas
1449 1331 1605 1365 ecclesiae
1625 1332 1732 1365 Sancti
1753 1333 1816 1366 Ro-

1063 1384 1113 1417 chi
1135 1396 1170 1418 ac
1191 1385 1342 1429 hospitali
1370 1390 1400 1418 et
1429 1384 1516 1417 illius
1536 1385 1646 1418 domui
1665 1386 1817 1429 praesatis

1062 1449 1098 1472 ac
1125 1438 1215 1479 aliis,
1239 1439 1297 1472 sub
1318 1438 1518 1472 invocatione
1543 1438 1688 1472 eiusdem
1709 1439 1817 1473 Sancti

1061 1492 1162 1524 Rochi
1183 1492 1354 1535 erigendis,
1377 1492 1577 1536 elargiendas
1600 1492 1765 1537 recipere,
1787 1499 1818 1527 et

1061 1545 1100 1578 ad
1118 1546 1188 1578 illas
1208 1546 1411 1589 recipiendas
1431 1552 1461 1579 et
1477 1547 1690 1590 quaerendas,
1713 1558 1750 1581 ac
1766 1548 1815 1580 in-

1061 1600 1241 1643 dulgentias
1262 1600 1449 1634 huiusmodi
1470 1601 1681 1644 publicandas
1696 1613 1755 1646 per
1771 1602 1818 1635 di-

1062 1660 1144 1687 ctam
1179 1654 1297 1688 [rbem
1338 1665 1394 1688 seu
1432 1654 1507 1688 alibi
1541 1662 1730 1700 quaestores
1760 1667 1817 1690 seu

1060 1719 1282 1752 quaszumque
1316 1709 1394 1742 alias
1420 1720 1591 1753 personas,
1613 1710 1722 1743 vicarii
1756 1722 1816 1755 pro

1061 1768 1205 1806 tempore
1226 1763 1389 1796 existentis
1409 1762 1511 1797 dictae
1536 1763 1629 1797 Urbis
1656 1775 1693 1797 ac
1727 1764 1816 1799 dioe-

1061 1817 1168 1850 cesani
1189 1822 1241 1850 aut
1263 1817 1402 1851 cuiusvis
1422 1818 1554 1851 alterius
1574 1818 1703 1852 licentia
1724 1819 1818 1853 desu-

1061 1882 1118 1915 per
1134 1871 1265 1904 minime
1278 1871 1446 1915 requisita,
1458 1872 1612 1916 deputare
1629 1878 1660 1905 et
1676 1872 1814 1914 mittere,

1060 1931 1096 1953 ac
1112 1921 1189 1953 alias
1209 1921 1498 1961 confraternitates,
1512 1922 1571 1954 sub
1587 1921 1670 1954 dicta
1691 1921 1817 1955 invoca-

1060 1969 1157 2011 tione,
1170 1971 1270 2003 ubivis
1286 1971 1444 2011 locorum,
1457 1971 1580 2014 erigere
1593 1977 1621 2004 et
1634 1970 1813 2011 instituere3

1059 2030 1095 2052 ac
1116 2019 1280 2063 quibusvis
1295 2020 1451 2061 ecclesiis,
1470 2020 1683 2063 hospitalibus
1698 2026 1727 2053 et
1746 2021 1815 2054 aliis

1059 2068 1119 2112 piis
1139 2068 1218 2102 locis
1238 2080 1363 2102 necnon
1376 2069 1619 2103 confratribus2
1639 2070 1683 2102 sic
1700 2071 1815 2103 erectis

1059 2118 1166 2150 omnia
1187 2123 1215 2151 et
1238 2118 1364 2162 singula
1384 2118 1560 2162 privilegia,
1584 2119 1811 2161 indulgentias,

1058 2168 1226 2201 facultates
1246 2174 1276 2201 et
1295 2168 1418 2201 indulta
1440 2168 1558 2201 eisdem
1582 2168 1811 2209 confratribus,

1058 2217 1209 2261 hospitali
1237 2223 1268 2250 et
1300 2217 1371 2250 aliis
1404 2216 1554 2260 praefatis
1579 2227 1730 2265 conc-essa
1751 2218 1814 2250 illis

1058 2267 1299 2300 communicare
1324 2272 1354 2299 et
1378 2266 1417 2299 ad
1438 2277 1551 2299 eorum
1577 2266 1676 2299 instar
1697 2277 1812 2300 conce-

1058 2314 1134 2349 dere
1154 2321 1185 2349 et
1204 2316 1235 2349 in
1258 2326 1312 2349 eos
1335 2316 1520 2349 transferre.

1102 2365 1187 2408 g‘lss.
1223 2365 1354 2398 Necnon
1388 2375 1615 2408 quaecumque
1642 2370 1757 2398 statuta
1783 2372 1813 2399 et

1058 2414 1276 2448 ordinationes
1297 2414 1385 2447 licita
1410 2419 1440 2447 ct
1464 2414 1618 2454 honesta,
1641 2420 1704 2448 tam
1726 2416 1813 2449 circa

1058 2463 1202 2506 regimen
1223 2469 1251 2496 et
1268 2464 1531 2507 tranquillitatem
1553 2464 1719 2506 ecclesiae,
1737 2465 1812 2497 hos-

1058 2512 1164 2556 pitalis
1184 2519 1212 2546 et
1231 2513 1347 2546 domus
1367 2513 1474 2547 Sancti
1493 2512 1595 2547 Rochi
1610 2513 1810 2555 huiusmodi,

1093 2576 1100 2600 l
1114 2574 1177 2603 Vide
1186 2575 1285 2602 bullam
1294 2576 1375 2603 Clem.
1388 2575 1447 2605 Vlll
1459 2576 1504 2602 cit.
1519 2575 1545 2602 in
1557 2579 1617 2602 nota
1625 2575 1656 2602 ad
1667 2584 1724 2611 pag.
1738 2576 1772 2604 69
1785 2586 1810 2602 α.

262 2599 343 2634 tium
364 2605 451 2633 extra
476 2610 586 2633 muros
613 2599 758 2633 eiusdem
778 2600 887 2642 Urbis,
909 2607 964 2636 aut
983 2602 1015 2635 in
1057 2613 1074 2640 2
1089 2614 1213 2651 Legimus
1233 2615 1500 2650 confrateim'tuctoas
1519 2615 1556 2651 (fl,
1576 2616 1624 2651 T.)-

344 2653 419 2685 Bull.
440 2652 517 2684 Rom.
540 2653 594 2684 Vol.
617 2653 674 2685 Vll.
860 2654 898 2685 10

1834 204 1883 231 An.
1900 204 1930 231 C.
1950 204 2017 232 ¹560

1854 809 1976 832 Publicaudt
1985 813 2018 832 in-

1832 842 1950 868 dulgentias
1993 843 2019 863 li-

1832 874 1923 893 centiam
1943 874 2020 900 impar-

1832 906 1881 925 titur
1893 904 1911 929 13

1853 2380 1934 2401 Statum
1950 2383 2011 2404 etiam

1827 2414 1939 2438 condendi3
