2237 3100
70 281 120 310 An.
138 281 168 309 G.
187 280 254 310 ¹566

943 277 1010 302 PIUS
1034 277 1052 301 V
1076 276 1122 300 1³1³.

267 332 323 367 tim
350 332 486 376 eodpso,
517 333 637 377 absque
656 331 764 376 aliqua
790 331 1015 371 declaratione,

269 386 446 427 subiacere,
467 397 484 419 a
500 397 577 429 quo,
599 391 822 430 praeterquam
838 397 856 419 a
871 386 1015 418 Romano

268 439 421 473 Pontifice
434 466 442 480 ,
464 439 523 472 nisi
546 440 577 473 in
598 440 709 473 mortis
728 440 875 480 articulo,
898 439 1020 478 absolvi,

268 499 441 537 nequeant.
458 494 496 526 Et
511 493 642 538 insuper
660 498 724 527 tam
748 502 899 537 egressas,
920 503 1016 536 quam

269 547 487 591 praesidentes
506 553 536 581 et
545 548 624 581 alios
635 548 818 592 superiores
839 546 1018 590 praedictos

269 601 314 634 eis
334 600 495 634 licentiam
514 601 699 635 huiusmodi
720 601 941 640 concedentes,
969 599 1017 633 di-

241 680 243 683 .
264 654 456 698 gnstatibus,
489 654 601 688 officiis
622 660 653 688 et
675 654 1016 693 administrationibus,

77 940 80 942 ,
98 922 210 943 Revovauo
228 921 256 941 ta·

71 953 256 974 cultatuniexeun·

71 984 90 1004 di
110 991 122 1004 a
145 988 253 1006 monaste-

72 1017 114 1037 tii·⁴

110 2330 219 2351 [leci-etum
234 2331 265 2351 ir-

83 2363 157 2382 fitam.

270 718 328 752 per
346 719 399 741 eas
419 714 449 741 et
469 717 524 741 eos
540 714 614 741 tunc
630 708 779 749 obtentis,
797 708 970 752 privamus,
988 713 1018 740 et

270 762 340 795 illas
359 767 390 795 et
405 762 477 795 illos
488 762 526 795 ad
542 762 671 795 obtenta
687 766 715 795 et
728 762 789 795 alia
804 762 836 794 in
853 767 1017 806 posterum

270 815 444 849 obtinenda
464 815 632 849 inhabiles.

313 869 328 912 ᾖ
348 869 380 902 3.
407 869 537 902 Necnon
562 869 707 903 licentias
727 875 758 903 etv
777 869 942 902 facultates
963 879 1018 901 seu

270 922 392 956 indulta
404 928 434 955 et
448 922 612 967 privilegia
627 923 763 956 exeundi
779 934 796 956 a
808 922 1018 960 monasteriis,

270 981 301 1009 et
320 982 406 1009 extra
427 977 481 1009 illa
502 977 617 1016 standi,
638 987 656 1009 a
676 977 779 1017 nobis,
802 987 857 1009 seu
878 975 940 1009 alio
956 976 1019 1009 Ro-

248 1039 251 1044 '
270 1040 365 1064 mano
384 1030 538 1064 Pontifice
559 1031 805 1074 praedecessore
830 1035 952 1070 nostro,
983 1041 1019 1063 ac

271 1085 360 1118 Sedis
371 1084 571 1129 Apostolicae
585 1084 712 1118 nunciis
728 1090 758 1118 et
774 1084 897 1128 legatis,
924 1084 1018 1117 etiam

271 1139 309 1172 de
331 1139 445 1178 latere,
467 1150 505 1171 ac
525 1139 646 1172 maiore
668 1138 932 1182 poenitentiario,
967 1144 1018 1170 aut

270 1192 426 1226 Ordin'um
440 1192 677 1237 praedictorum
700 1191 921 1236 superioribus
937 1191 1020 1224 aliis-

270 1256 334 1290 que
354 1246 509 1289 personis,
531 1247 590 1279 sub
614 1246 874 1290 quibuscumque
899 1245 1020 1279 tenori-

271 1300 331 1333 bus
351 1305 381 1333 et
400 1299 523 1340 formis,
554 1311 590 1333 ac
612 1311 685 1333 cum
706 1299 871 1343 quibusvis
891 1300 1020 1332 restitu-

273 1354 352 1395 tivis,
389 1353 640 1398 praeservativis,
676 1353 792 1386 mentis
823 1353 1018 1390 attestativis,

272 1408 366 1441 etiam
392 1419 504 1443 noram
533 1407 668 1451 gratiam
697 1413 727 1440 et
747 1408 851 1440 datam
887 1418 1021 1440 concer-

272 1456 434 1502 nentibus,
456 1461 591 1505 aliisque
621 1461 858 1495 efficacioribus
877 1472 914 1494 ac
935 1461 1021 1494 inso-

273 1515 336 1548 litis
351 1516 515 1557 clausulis,
539 1515 803 1559 irritantiluisque
828 1521 858 1548 et
877 1515 946 1548 aliis
966 1515 1021 1547 de-

273 1569 380 1609 cretis,
398 1569 431 1602 in
441 1580 558 1612 genere
573 1570 621 1602 vel
638 1569 670 1601 in
682 1569 813 1613 ispecie,
826 1569 921 1601 etiam
933 1574 1022 1601 motu

273 1623 404 1667 proprio
424 1628 455 1656 et
480 1634 517 1656 ex
537 1628 623 1656 certa
644 1623 793 1663 scientia,
816 1623 919 1665 deque
944 1634 1022 1666 apo-

273 1677 403 1710 stolicae
426 1677 588 1721 potestatis
609 1677 822 1721 plenitudine,
847 1677 940 1709 etiam
964 1676 1023 1708 im-

274 1731 441 1774 peratoris,
464 1742 590 1774 regum,
608 1731 727 1764 ducum
745 1731 923 1763 etaliorum
936 1730 1023 1774 prin-

274 1785 393 1829 cipum,
415 1796 542 1818 necnon
572 1791 698 1818 sanctae
726 1785 889 1818 Romanae
915 1785 1023 1817 Eccle-

275 1838 339 1871 siae
373 1838 584 1871 cardinalium
616 1838 732 1871 intuitu
767 1843 797 1871 et
830 1839 1025 1881 contempla-

276 1892 361 1925 tione
382 1904 418 1925 ae
438 1892 587 1925 instantia
611 1893 657 1925 vel
686 1891 762 1925 alias
783 1892 1024 1934 quomodolibet

277 1957 427 1979 concessa
447 1947 543 1990 (quae
564 1957 697 1990 prorsus
713 1945 906 1987 abolemus);
928 1956 964 1977 ac
988 1945 1025 1977 11-

280 2006 363 2032 teras
382 2000 521 2044 desuper
545 2000 706 2033 confectas
739 2005 767 2032 et
803 1999 833 2031 in
862 2004 1025 2042 posterum

279 2053 500 2086 concedendas
533 2058 563 2085 et
596 2052 830 2092 conficiendas,
866 2052 970 2085 nullas
999 2057 1029 2084 et

281 2107 443 2148 invalidas,
467 2107 651 2150 nulliusque
676 2106 802 2139 roboris
822 2117 858 2139 ac
875 2105 1028 2138 momenti

281 2161 369 2201 t'ore,
401 2171 460 2193 nec
493 2160 562 2192 illas
591 2160 784 2193 habentibus
814 2164 844 2192 et
873 2158 1030 2191 habituris

281 2215 448 2257 suffragari
470 2225 574 2257 posse.

326 2268 341 2311 ἓ
360 2268 391 2300 [1.
418 2268 454 2300 Et.
477 2267 517 2300 ita
538 2278 595 2311 per
617 2277 841 2310 quoscumque
861 2266 982 2299 iudices
1001 2271 1031 2298 et

282 2319 530 2361 connaissarios,
553 2321 663 2364 quavis
681 2320 871 2353 auctoritate
896 2321 1030 2361 tungen-

284 2381 341 2418 tes,
373 2376 497 2409 sublata
523 2375 568 2408 eis
594 2380 623 2407 et
648 2385 760 2407 eorum
791 2373 920 2406 cuilibet
941 2373 1032 2406 aliter

284 2430 445 2463 iudicandi
464 2435 494 2462 et
514 2428 744 2472 interpretandi
766 2428 914 2460 facultate
935 2432 962 2459 et
980 2438 1033 2459 au-

284 2479 442 2519 ctoritate,
464 2478 599 2511 iudicari
620 2484 650 2511 et
664 2477 792 2510 definiri
812 2476 942 2516 detrun-03
965 2475 1033 2508 irri—

285 2535 351 2561 tum
387 2539 516 2571 quoque
550 2534 575 2560 et
619 2528 710 2560 inane
749 2526 902 2569 quiequid
942 2536 1034 2557 secus

286 2589 383 2622 super
403 2575 452 2610 his
471 2589 486 2610 a
509 2589 686 2621 quospiam,
704 2576 815 2620 quavis
830 2576 1031 2617 auctoritate,

287 2629 424 2661 scienter
445 2629 489 2661 vel
512 2628 708 2669 ignoranter,
738 2627 901 2669 ‹taintigerit
933 2632 1033 2659 atten-

287 2677 357 2716 tari,
377 2677 591 2711 decernimus.

1699 263 1758 297 451

1102 329 1173 372 gf).
1212 328 1394 361 Mandantcs
1428 325 1583 359 universis
1617 331 1645 358 ct
1674 325 1807 369 singulis

1057 382 1293 417 venerabilibus
1312 380 1463 414 fratribus
1472 386 1541 413 nost
1549 379 1591 412 ris
1603 378 1804 423 patriarchis,

1058 435 1260 481 primatibus,
1293 434 1559 479 archiepiscopis,
1591 432 1748 477 episcopis
1778 438 1804 465 et

1058 490 1127 524 aliis
1154 492 1301 524 locorum
1327 488 1509 529 ordinariis,
1540 488 1572 521 in
1600 486 1714 520 virtute
1734 497 1807 519 sau-

1058 550 1126 577 ctae
1142 544 1353 584 obedieutiae,
1366 547 1396 577 et
1411 543 1470 576 sub
1486 542 1696 575 obtestatione
1712 541 1807 573 divini

1059 597 1186 637 iudicii,
1223 603 1253 631 et
1286 597 1546 630 interminatione
1575 594 1809 628 maledictionis

1059 656 1220 691 aeternae,
1243 657 1413 695 quatenus,
1441 660 1497 694 per
1517 660 1548 683 se
1565 649 1612 682 vel
1632 649 1730 681 alium
1753 658 1806 680 seu

1060 706 1149 745 alios,
1169 711 1353 749 praesentes
1378 705 1487 737 literas
1507 704 1538 736 in
1567 702 1745 737 civitatibus
1779 707 1805 734 et

1059 759 1260 792 dioecesibus
1286 758 1427 803 propriis
1451 758 1609 801 rquolibet
1636 767 1720 789 anno
1748 767 1808 799 pu-

1060 813 1188 853 blicent,
1213 813 1385 856 omniaque
1415 812 1445 844 in
1467 812 1529 844 illis
1549 815 1711 849 contenta,
1732 820 1808 843 nec-

1060 877 1125 899 non
1151 867 1329 911 praefatum
1359 867 1525 899 decretum
1548 865 1647 908 ipsius
1666 863 1807 903 concilii,

1061 920 1148 963 quod
1169 920 1281 964 incipit
1308 919 1474 961 Bouillzcii
1492 918 1574 951 VIII
1592 917 1761 960 diligenter
1780 921 1807 949 et

1062 974 1286 1007 inviolabiliter
1311 974 1369 1006 sub
1399 972 1543 1005 censuris
1572 970 1808 1010 ecclesiasticis,

1061 1027 1195 1072 aliisque
1215 1027 1366 1072 praefatis
1391 1026 1502 1070 poenis
1523 1031 1551 1059 et
1573 1025 1604 1057 in
1625 1025 1738 1057 eodem
1758 1024 1809 1057 de·

1063 1087 1148 1115 creto
1184 1082 1358 1121 contentis,
1395 1081 1563 1114 observent
1591 1084 1621 1111 et
1650 1078 1808 1111 observari

1063 1135 1179 1169 faciant
1199 1140 1426 1180 etprocurent;
1449 1133 1702 1167 contradictores
1715 1143 1810 1175 quos-

1063 1189 1138 1223 lihet
1167 1195 1194 1222 et
1222 1189 1359 1222 rebelles
1384 1199 1420 1221 ac
1450 1186 1634 1232 praemissis
1662 1197 1726 1219 non
1755 1196 1809 1229 pa-

1062 1249 1180 1283 rentes,
1195 1242 1289 1276 etiam
1311 1242 1381 1275 aliis
1401 1241 1524 1285 poenis,
1546 1240 1735 1273 auctoritate
1752 1250 1809 1272 no-

1064 1305 1138 1338 stra,
1161 1297 1375 1341 appellatione
1396 1295 1583 1339 postposita,
1606 1304 1811 1338 compescen-

1063 1352 1119 1387 do:
1148 1361 1272 1384 necnon
1293 1349 1443 1394 legitimis
1463 1359 1560 1393 super
1584 1348 1633 1380 his
1657 1347 1812 1380 habendis

1064 1405 1193 1437 servatis
1216 1404 1431 1448 processibus,
1454 1413 1575 1447 poenas
1606 1401 1689 1445 ipsas
1718 1401 1812 1433 etiam

1066 1458 1184 1491 iteratis
1213 1458 1334 1491 vicibus
1359 1456 1576 1500 aggravando,
1609 1455 1812 1488 interdictum

1065 1511 1317 1545 ecclesiasticum
1329 1510 1541 1555 apponendo,
1562 1509 1706 1542 invocato
1718 1509 1812 1541 etiam

1065 1566 1103 1599 ad
1129 1566 1201 1606 hoc,
1239 1566 1262 1598 si
1292 1576 1374 1609 opus
1404 1564 1509 1603 suerit,
1543 1563 1662 1597 auxilio
1691 1562 1813 1596 brachii

1066 1620 1250 1653 saecularis.

1109 1674 1124 1715 ξ
1140 1675 1171 1706 (j.
1194 1674 1262 1706 Non
1278 1672 1478 1706 obstantibus
1490 1670 1682 1716 praemissis,
1694 1681 1731 1703 ac
1743 1680 1815 1703 cou-

1067 1727 1287 1759 stitutionibus
1308 1732 1337 1759 et
1357 1726 1615 1759 ordinationibus
1634 1724 1816 1768 apostolicis

1067 1782 1236 1814 contrariis
1246 1781 1504 1824 quibuscumque
1517 1791 1523 1819 3
1541 1784 1596 1811 aut
1605 1779 1629 1811 si
1641 1778 1814 1822 aliquibuS,

1068 1835 1284 1868 communiter
1303 1835 1349 1867 vel
1370 1833 1503 1870 divisim,
1524 1833 1562 1866 ab
1579 1833 1689 1865 cadem
1711 1832 1745 1864 sit
1764 1832 1816 1865 Se·

1069 1889 1106 1921 de
1128 1889 1287 1921 indultum
1309 1888 1395 1932 quod
1417 1887 1577 1927 interdici,
1603 1886 1753 1930 suspendi
1770 1886 1815 1917 vel

1069 1942 1341 1976 excommunicari
1374 1952 1438 1974 non
1470 1940 1587 1984 possint
1626 1951 1683 1984 per
1711 1940 1818 1973 literas

1069 1996 1260 2041 apostolicas
1288 2007 1351 2029 11011
1383 1995 1533 2028 facientes
1558 1995 1685 2039 plenam
1712 2000 1741 2027 et
1765 2005 1817 2027 ex-

1071 2062 1212 2095 pressam
1245 2062 1282 2084 ac
1306 2051 1344 2084 de
1366 2050 1462 2083 verbo
1483 2049 1520 2081 ad
1546 2049 1679 2081 verbum
1706 2048 1743 2081 de
1769 2048 1817 2079 in-

1071 2105 1159 2138 dulto
1189 2104 1376 2137 huiusmodi
1406 2102 1619 2141 mentione1n3
1654 2101 1724 2134 aliis
1744 2112 1820 2145 apo-

1071 2159 1191 2192 stolicis
1229 2157 1512 2192 constitutionibus
1545 2163 1575 2189 et
1605 2156 1747 2193 iuribus,
1781 2156 1819 2187 ‹le

1072 2212 1258 2246 huiusmodi
1274 2213 1425 2245 clausura
1436 2210 1692 2254 disponentibus,
1707 2209 1820 2242 nihilo-

1073 2265 1179 2299 minus
1204 2266 1235 2298 in
1258 2277 1316 2298 suo
1337 2266 1453 2298 robore
1474 2264 1649 2297 duraturis.

1117 2323 1131 2363 ξ
1152 2320 1182 2353 7.
1211 2320 1360 2353 Ceterum
1390 2319 1538 2352 volumus
1562 2318 1648 2362 quod
1671 2328 1820 2361 praeseu-

1074 2373 1151 2406 tium
1174 2373 1395 2418 transumptis,
1414 2372 1509 2405 etiam
1525 2371 1701 2416 impressis,
1724 2382 1820 2404 manu

1074 2428 1211 2461 alicuius
1231 2427 1346 2460 notarii
1377 2427 1496 2471 publici
1523 2425 1710 2470 subscriptis
1730 2431 1756 2458 et
1780 2426 1821 2458 si-

1074 2477 1150 2521 gillo
1188 2477 1326 2510 alicuius
1365 2475 1496 2519 praelati
1532 2475 1676 2513 munitis,
1712 2474 1821 2507 eadem

1077 2538 1208 2570 prorsus
1235 2526 1313 2558 fides
1346 2525 1465 2567 ubique
1492 2531 1666 2564 terrarum,
1699 2528 1760 2555 tam
1793 2523 1822 2554 iu

1078 2576 1416 2618 iudiciospiamextra,
1439 2574 1642 2612 :ulhilwatur,
1664 2584 1746 2616 quae
1763 2572 1822 2604 eis·-

1077 2627 1149 2659 dem
1177 2625 1397 2668 praesentibus
1423 2624 1647 2663 111111111111·1·1111·,
1678 2623 1701 2655 si
1725 2624 1824 2654 {orent

1079 2674 1235 2707 exhibitas·
1257 2674 1303 2706 vel
1324 2679 1479 2706 osteusue.

1822 272 1872 299 An.
1888 271 1917 299 C.
1935 269 2005 299 1566

1821 337 1931 364 Deputatio
1946 340 1965 357 et
1978 338 2004 357 ta-

1821 369 1911 389 cultates
1930 374 2005 389 ext-cu*

1822 402 1888 419 torum
1945 400 2004 419 huius

1822 432 1985 451 constitutionis.

1856 1694 1965 1713 Clausulam*
1978 1693 2002 1713 de

1832 1726 1948 1750 regularia«-

1874 2337 2006 2361 l'ransumpto

1838 2375 1880 2388 111111
1898 2368 1956 2387 tides,
