2237 3100
221 305 269 332 An.
282 304 311 332 C.
337 303 402 332 1⁸65

273 957 412 983 Praeceptum

231 989 348 1015 publicandi
360 988 411 1006 liant·

231 1020 306 1039 bullain
358 1024 412 1037 :inno

231 1051 322 1077 quulibv‘t
339 1053 358 1069 vt
379 1056 413 1069 ³>-

230 1082 327 1102 seruituti
344 1088 362 1101 in
382 1087 413 1100 ar-

230 1114 310 1133 rhisus.

467 291 530 325 458
1017 287 1195 316 cummuni

469 355 580 387 Datum
602 354 720 386 Romae
739 350 825 395 apud
853 348 1003 382 Sanctum
1028 346 1170 383 Petrum,

425 420 509 442 anno
529 405 758 441 Incarnationis
790 401 969 435 dominicae
1004 398 1173 431 millesimo

425 460 682 505 quingentesimo
698 455 893 499 sexagesimo
909 458 1007 492 sexto,
1030 462 1103 485 xvni
1120 451 1172 484 lta-

427 517 536 550 lendas
555 512 754 558 septembris,
777 509 981 554 pontificatus
1001 506 1101 540 nostri
1118 515 1172 539 an-

427 581 468 604 no
483 570 598 614 primo.

521 672 671 715 Sequitur
691 669 884 703 mandatum
905 666 1078 710 quotannis

559 726 681 759 dictam
700 723 817 757 bullam
840 720 1040 765 publicandi.

466 808 528 838 Pius
547 808 618 842 Papa
636 805 667 838 V,
687 805 720 833 ad
738 804 899 840 perpetuam
913 801 955 830 rei
968 801 1137 830 memoriam.

472 883 487 923 3'
506 880 538 912 ‘l.
558 878 637 912 Cum
659 888 718 910 nos
733 886 849 920 nuper,
877 884 935 917 pro
951 872 1049 906 nostri
1071 876 1178 916 pasto-

431 934 504 967 ralis
519 933 615 966 officii
628 930 855 965 sollicitudine,
870 928 909 961 ad
921 937 1032 971 pacem
1046 931 1076 959 et
1092 925 1181 969 quie-

429 994 493 1020 tcni
514 987 544 1020 in
566 986 713 1019 universo
726 985 814 1018 Statu
831 988 940 1016 nostro
956 979 1178 1014 Ecclesiastico

429 1041 644 1074 inducendam
663 1045 690 1073 et
710 1037 970 1075 conservandam,
985 1035 1068 1068 mala
1084 1032 1179 1067 extir-

430 1096 547 1141 panda,
569 1106 604 1127 ac
631 1094 782 1133 civitates,
806 1098 907 1125 terras
927 1096 957 1123 et
977 1091 1045 1123 loca
1073 1094 1180 1123 nostra

430 1150 551 1183 sicariis
570 1155 600 1182 et
620 1148 690 1181 aliis
710 1146 839 1180 nefariis
859 1144 1044 1179 hominibus
1064 1154 1181 1188 expur-

430 1205 545 1249 ganda,
568 1203 721 1247 quasdam
748 1207 872 1234 nostras
892 1200 951 1232 sub
973 1198 1106 1242 plumbo
1127 1198 1182 1230 (lc-

431 1269 528 1302 supcr
549 1258 709 1291 consectas
729 1256 838 1288 literas
858 1259 968 1287 contra
988 1252 1179 1291 homicidas,

432 1312 581 1346 bannitos
610 1316 641 1344 et
665 1310 744 1343 alios
764 1308 972 1347 facinorosos,
1004 1315 1183 1349 eorumque

433 1371 660 1410 receptatores,
682 1364 894 1396 adhaerentes
913 1366 941 1393 et
964 1362 1104 1393 fautores
1123 1370 1184 1403 pu-

433 1420 545 1453 blicari
565 1418 753 1456 fecci·in1us;
774 1416 980 1458 volentesque
1000 1413 1107 1446 literas
1126 1412 1185 1444 hu-

434 1473 572 1506 iusmodi
597 1472 637 1505 ab
662 1470 823 1507 omnibus,
852 1468 1031 1513 quosipsae
1051 1476 1185 1499 concer-

434 1532 526 1567 nunt,
550 1524 774 1559 inviolabiliter
791 1522 971 1563 observari,
995 1532 1054 1554 nec
1074 1520 1186 1553 inobe-

434 1582 556 1614 dientes
583 1581 648 1613 ullo
669 1580 764 1613 niodo
786 1588 852 1610 sese
878 1587 1030 1610 excusare
1051 1575 1184 1619 possint,

434 1641 523 1668 motu
547 1634 677 1678 proprio
697 1639 727 1666 et
747 1644 783 1665 ex
804 1637 889 1664 certa
909 1630 1053 1670 scientia,
1081 1634 1185 1662 matu-

436 1700 535 1733 raque
556 1687 785 1721 deliberatione
807 1692 927 1723 nostra,
950 1684 1140 1718 auctoritate
1156 1694 1187 1716 a-

433 1743 603 1788 postolica,
625 1748 736 1775 tenore
755 1739 984 1784 praesentium,
1003 1738 1186 1779 statuimus,

436 1797 634 1835 ordinamus,
653 1806 707 1833 ac,
726 1794 784 1827 sub
809 1792 1037 1836 indignationis
1062 1797 1188 1825 nostrae

436 1857 463 1883 et
487 1850 573 1882 mille
594 1850 786 1882 ducatorum
812 1848 963 1881 Gamerae
988 1845 1188 1890 Apostolicac

437 1899 703 1945 applicandorum
720 1908 777 1941 per
788 1896 1054 1930 contrafacientes
1066 1906 1103 1929 eo
1120 1896 1188 1939 ipso

437 1948 638 1982 incurrendis
658 1947 787 1992 poenis,
807 1946 947 1979 districte
973 1945 1191 1989 praecipimus

436 2005 466 2033 et
486 1998 676 2031 mandamus
704 1996 791 2040 quod
820 1995 981 2039 quaelibet
1011 1994 1189 2028 communi-

437 2054 494 2088 tas,
516 2048 706 2080 universitas
731 2051 762 2079 et.
787 2046 928 2089 populus
955 2054 1190 2088 (piarumcum-

436 2108 498 2141 que
520 2097 694 2137 civitatum,
718 2095 926 2139 oppidorum,
949 2099 1122 2134 terrammi,
1142 2104 1191 2126 ca-

437 2153 578 2180 strorum
601 2152 627 2179 et
650 2146 797 2178 locorum
818 2143 911 2176 nobis
927 2148 957 2176 et
972 2143 1003 2175 S.
1024 2143 1059 2175 R.
1078 2143 1112 2175 Ε.
1128 2153 1192 2175 me-

438 2197 520 2229 diate
539 2196 589 2229 vel
610 2195 793 2228 immediate
823 2193 1054 2232 subiectorum,
1087 2191 1191 2225 statim

438 2258 511 2280 cuin
524 2247 626 2279 dictae
642 2250 769 2279 nostrae
782 2244 903 2283 literae,
918 2242 943 2275 si
954 2243 967 2270 ‘l
982 2253 1093 2275 earum
1104 2247 1191 2274 tran-

439 2302 605 2341 sumptum
635 2296 827 2339 impressum
854 2294 892 2326 ad
913 2303 967 2326 eos
996 2292 1189 2337 pervenerit,
1213 2335 1214 2341 ἵ

441 2352 613 2380 convocato
634 2356 747 2379 eorum
759 2344 889 2389 publico
906 2342 1053 2382 consilio,
1066 2342 1097 2375 in
1113 2354 1194 2387 prai-
1213 2346 1215 2363 'r

441 2396 542 2429 sentia
567 2395 767 2434 officialium,
796 2393 1001 2438 syndicoruin
1032 2398 1062 2424 ct
1082 2402 1192 2424 curam
1213 2407 1215 2414 ι

441 2444 676 2477 maleficiorum
697 2442 898 2482 habentium,
930 2452 983 2474 eas
1003 2441 1063 2482 ibi,
1082 2442 1143 2473 alta
1165 2447 1195 2474 et.
1214 2453 1216 2480 ξ

444 2493 635 2536 intelligibili
656 2503 744 2533 voce,
768 2492 862 2525 etiam
892 2489 1014 2533 vulgari
1046 2500 1194 2523 sermone

445 2543 515 2575 illas
535 2542 739 2581 declarando,
763 2546 798 2574 ut
818 2539 933 2574 melius
959 2544 990 2572 et
1010 2539 1136 2572 facilius
1156 2540 1195 2573 ab
1216 2557 1217 2562 =

444 2592 593 2625 omnibus
619 2590 743 2635 percipi
776 2590 910 2634 possint,
933 2588 993 2631 legi
1020 2590 1140 2629 facere,
1167 2594 1197 2621 ct

446 2640 560 2675 deinde
580 2640 614 2673 in
634 2651 745 2673 eorum
763 2639 902 2673 archivio
919 2638 1049 2683 publico
1067 2638 1197 2682 diligen-
1216 2640 1218 2674 ζ

482 2704 493 2730 1
519 2703 640 2738 Legimus
656 2712 699 2730 seu
718 2703 755 2740 (n.
774 2702 824 2738 τ.).
1217 2686 1218 2689 ¹

1219 285 1369 312 ROMANUM

1215 345 1262 372 ter
1281 337 1434 372 custodiri
1455 339 1569 370 curar'e
1593 336 1725 369 omnino
1745 335 1892 369 debeant.
1916 334 1961 367 Ac

1216 391 1391 425 successive
1412 390 1545 433 singulis
1564 389 1656 422 annis
1676 390 1708 422 in
1726 389 1884 433 principio
1904 398 1961 421 cu-

1217 445 1345 478 iuslibet
1359 444 1443 484 anni,
1456 443 1620 488 perpetuis
1631 443 1746 476 futuris
1756 442 1964 486 temporibus,

1217 499 1373 539 similiter,
1397 504 1431 531 ut
1452 498 1642 542 praefertur,
1665 497 1792 529 easdem
1807 497 1914 530 literas
1934 496 1965 529 in

1217 564 1330 587 eorum
1350 552 1481 597 publico
1502 550 1636 585 consilio
1655 549 1790 593 legendo
1815 550 1967 584 reiterare

1217 612 1399 641 teneantur.
1796 617 1798 619 ·

1263 661 1277 704 ἓ
1296 660 1327 693 02.
1351 659 1441 699 Quod
1461 659 1485 692 si
1505 658 1614 703 (quod
1636 667 1701 691 non
1726 656 1909 700 credimus)
1929 656 1968 690 ab

1219 714 1381 758 aliquibus
1392 713 1654 758 praetermissum
1665 712 1712 745 vel
1725 715 1968 744 contraventum
1985 702 1991 719 ²

1219 767 1326 808 suerit,
1341 767 1499 807 volumus,
1510 771 1540 799 et
1555 766 1613 799 sub
1630 763 1970 799 excommunicationis

1220 827 1251 855 et
1270 821 1341 854 aliis
1360 821 1482 854 arbitrii
1503 820 1601 854 nostri
1627 819 1740 863 poenis
1759 819 1854 853 etiam
1879 828 1970 851 man-

1220 876 1334 908 damus
1362 875 1449 919 quod
1476 875 1538 907 loci
1565 874 1774 917 gubernator,
1810 878 1916 906 rector
1940 877 1973 906 et

1221 928 1356 972 quilibet
1375 929 1458 961 alius
1478 928 1616 961 iustitiae
1632 927 1789 968 minister,
1811 937 1972 971 quocum-

1222 994 1284 1027 que
1304 982 1433 1016 nomine
1452 987 1668 1026 nuncupatuS,
1689 987 1800 1015 contra
1820 985 1972 1014 statutum

1223 1042 1252 1070 et
1272 1037 1506 1070 ordinationem
1532 1042 1673 1070 nostram
1695 1035 1883 1069 huiusmodi
1907 1046 1973 1070 non

1224 1092 1428 1125 observantes
1463 1091 1502 1124 ad
1537 1090 1758 1124 executionem
1795 1100 1973 1134 poenarum

1225 1147 1476 1192 praedictarum,
1498 1145 1566 1179 sine
1587 1155 1689 1185 mora,
1712 1143 1974 1178 irremissibiliter

1225 1201 1388 1245 procedat,
1412 1205 1447 1233 ut
1471 1211 1553 1244 quos
1573 1199 1773 1233 obedientiae
1794 1199 1916 1232 bonum
1937 1199 1975 1232 ad

1224 1255 1381 1288 mandatis
1402 1254 1519 1287 nostris
1547 1254 1725 1298 parendum
1746 1263 1811 1286 non
1832 1252 1974 1294 adducit,

1225 1320 1402 1354 poenarum
1425 1308 1535 1341 saltem
1552 1312 1656 1341 metus
1671 1318 1687 1340 a
1708 1306 1977 1340 contraveniendo

1225 1363 1411 1396 absterreat.
1435 1363 1469 1394 In
1490 1361 1689 1395 contrarium
1705 1359 1896 1394 facientibus
1910 1370 1975 1396 non

1227 1416 1427 1450 obstantibus
1437 1416 1708 1459 quibuscumque.

1271 1470 1285 1513 ξ
1304 1470 1335 1503 3.
1359 1471 1527 1503 Praeterea
1542 1470 1692 1503 volumus
1707 1467 1924 1513 praesentium
1940 1467 1976 1501 li-

1227 1529 1369 1557 terarum
1384 1524 1606 1568 transumptis,
1619 1534 1717 1557 manu
1729 1522 1845 1557 notarii
1856 1521 1978 1567 publici

1229 1578 1416 1623 subscriptis
1436 1583 1466 1611 et
1486 1578 1589 1621 sigillo
1609 1577 1745 1611 alicuius
1765 1586 1922 1622 personae
1946 1575 1978 1609 in

1228 1632 1381 1677 dignitate
1401 1632 1617 1666 ecclesiastica
1632 1631 1821 1665 constitutae
1837 1630 1979 1671 munitis,

1230 1688 1357 1731 plenam
1378 1692 1408 1720 et
1428 1686 1595 1720 indubiam
1616 1686 1712 1719 fidem
1737 1696 1839 1730 aeque
1859 1696 1896 1719 ac
1915 1684 1978 1719 ori-

1229 1740 1389 1784 ginalibus
1409 1741 1484 1785 ipsis
1509 1740 1654 1773 adbiberi
1674 1739 1802 1773 debere.

1273 1794 1387 1827 Datum
1408 1795 1527 1828 Romae
1548 1794 1634 1838 apud
1654 1794 1807 1828 Sanctum
1827 1794 1981 1833 Marcum,

1231 1848 1290 1881 sub
1310 1849 1430 1882 annulo
1450 1848 1630 1889 Pis-catoris,
1648 1847 1699 1881 die
1714 1852 1827 1892 quarta
1844 1851 1982 1892 septem-

1231 1901 1296 1935 bris
1317 1902 1487 1935 millesimo
1508 1901 1766 1946 quingentesimo
1786 1901 1983 1945 sexagesimo

1232 1962 1328 1995 sexto,
1350 1955 1555 2000 pontificatus
1572 1955 1671 1989 nostri
1691 1965 1776 1989 anno
1797 1965 1818 1988 1.

1578 2131 1638 2164 XV.

1235 2209 1449 2252 Confirmatio
1468 2213 1663 2242 statutorum
1688 2212 1717 2241 et
1742 2207 1987 2244 ordinationum

1278 2264 1315 2296 in
1355 2263 1475 2305 synodo
1518 2263 1716 2306 provinciali
1753 2261 1986 2295 Mediolanensi

1279 2319 1365 2351 eirca
1390 2328 1492 2350 mores
1518 2327 1731 2362 personarum
1759 2316 1984 2350 ecclesiastica-

1278 2383 1352 2405 rum
1372 2373 1511 2405 eiusdem
1531 2372 1719 2416 provinciae
1738 2371 1765 2404 1.

1303 2454 1365 2484 Pius
1381 2455 1451 2490 Papa
1469 2453 1500 2486 V,
1518 2453 1551 2481 ad
1564 2452 1688 2482 futuram
1701 2452 1743 2481 rei
1755 2451 1922 2480 memoriam.

1280 2527 1365 2559 Inter
1382 2536 1494 2559 omnes
1513 2524 1706 2569 apostolicae
1721 2522 1879 2557 servitutis
1895 2523 1988 2557 nobis

1238 2580 1401 2614 iniunctae
1417 2578 1660 2619 sollicitudines,
1678 2587 1761 2622 quae
1776 2581 1916 2611 mentem
1932 2587 1988 2611 no-

1239 2640 1336 2668 stram
1363 2633 1558 2667 incessanter
1581 2636 1741 2671 exercent,
1763 2631 1817 2664 illa
1836 2631 1987 2674 frequen-

1275 2702 1287 2728 1
1308 2700 1348 2729 Ex
1364 2701 1470 2736 Regest.
1492 2700 1519 2727 in
1537 2698 1610 2728 Secr.
1631 2697 1768 2726 Brevium.

1981 278 2032 308 An.
2048 279 2078 308 (Ζ,
2097 277 2165 308 ίὸδθ

1996 668 2166 689 Comi-avenion-

1993 700 2035 720 ium
2049 705 2140 727 poenae.

2027 1471 2173 1499 Exemplorum

1994 1503 2052 1525 fides.

2031 2532 2163 2555 Pro-mium.
