2237 3100
13 261 62 289 Αιι.
76 260 104 286 C.
129 258 192 286 ¹571

852 252 920 275 PIUS
940 251 958 275 V
978 251 1023 274 PP.

1652 240 1709 273 881

210 308 277 340 lum
298 307 334 340 lV
347 334 354 347 ,
377 307 471 340 Pium
490 306 527 340 IV
556 312 598 347 ct,
622 305 678 350 qui
700 310 773 339 ante
798 304 870 338 illos
895 305 964 337 suc-
983 305 989 320 ¹
1008 302 1102 336 redes
1122 308 1152 336 et.
1170 312 1372 336 successores
1392 301 1589 335 universales
1605 301 1652 334 vel
1664 302 1763 346 parti-

210 366 301 401 runt,
324 360 404 394 alios
428 371 652 404 quoscumqu*¹
678 360 770 393 Rom.
794 358 966 392 Pontifices

210 426 246 448 ac
274 425 331 448 nos
363 420 393 447 et
425 414 540 448 Sedem
571 413 788 457 Apostolicam
830 413 966 455 eiusque

210 469 342 511 legatos,
359 468 456 501 etiam
469 468 508 501 de
522 469 634 507 latere,
650 466 798 507 nuncios,
809 466 964 505 notarios,

210 522 356 563 comites,
387 522 535 565 collegia,
569 521 675 555 officia
707 526 737 553 ct
757 521 840 562 loca,
869 520 965 552 etiam

210 587 269 620 per
289 576 422 609 modum
443 575 552 609 statuti
566 574 727 619 perpetui,
748 573 907 617 generalis
921 574 967 606 le-

210 630 275 673 gis,
291 630 361 663 initi
378 635 409 663 et
421 628 565 673 stipulati
582 634 768 661 contractus
783 639 838 660 seu
861 627 965 670 quasi,

212 690 243 717 et
269 684 347 717 alias
367 684 427 717 sub
448 684 709 726 quibuscumque
737 681 904 715 tenoribus
939 686 967 713 et

211 737 333 778 formis,
347 748 384 771 ac
397 748 471 771 cum
485 735 652 781 quibusvis
664 735 863 775 restitutivis,
878 745 970 778 prae-

212 791 387 832 servativis,
401 791 519 824 mentis
533 789 732 829 attestativis,
750 788 969 831 derogatoria-

213 844 285 878 r'um
306 845 520 889 derogatoriis
540 844 676 887 aliisque
688 842 887 883 fortioribus,
903 842 970 875 esli-

213 898 397 933 cacioribus
417 904 448 932 et
471 898 610 932 insolitis
640 897 805 937 clausulis,
843 906 970 929 necnon

214 953 417 986 irritantibus
442 959 473 986 et
493 952 565 985 aliis
585 951 734 990 decretis,
757 950 853 983 etiam
880 956 970 982 motu

215 1007 348 1051 proprio
369 1012 400 1040 et
419 1018 456 1039 ex
472 1011 561 1039 certa
580 1005 726 1046 scientia,
750 1005 854 1047 deque
875 1003 971 1036 simili

215 1061 381 1105 potestatis
407 1059 625 1104 plenitudine,
659 1070 696 1092 ac
728 1058 971 1102 praedictorum

215 1114 431 1148 cardinalium
453 1114 588 1147 consilio
614 1118 644 1146 et
666 1118 791 1145 matura
816 1111 973 1144 delibera-

216 1169 302 1202 tione
324 1168 355 1201 in
376 1167 567 1201 consistorio
583 1167 705 1207 habita,
723 1176 850 1199 necnon
866 1165 971 1198 consi-

217 1222 395 1262 deratione,
417 1222 548 1263 intuitu,
571 1220 843 1263 contemplatione
865 1219 913 1251 vel
934 1219 972 1251 ad

217 1277 402 1310 instantiam
419 1275 637 1319 imperatoris,
657 1285 771 1317 regum
790 1279 818 1306 et
835 1274 973 1305 aliorum

217 1330 415 1375 principum,
438 1330 534 1362 etiam
555 1329 596 1361 ob
614 1328 910 1361 renumerationem
928 1328 975 1359 la-

217 1385 333 1418 borum
366 1390 395 1418 et
426 1383 657 1427 obsequiorum
689 1382 783 1415 nobis
816 1388 846 1415 et
872 1381 975 1414 dictae

218 1438 293 1472 Sedi
331 1438 567 1482 impensorum,
595 1436 807 1470 refectionem
842 1436 977 1468 damno-

219 1503 305 1533 rum,
327 1491 630 1536 compensationem
659 1490 780 1523 iurium
809 1500 975 1523 cessorum

218 1546 472 1587 velablatorum,
487 1552 619 1578 navatae
631 1544 766 1577 militiae
774 1550 888 1577 contra
898 1544 976 1577 bae-

219 1600 338 1633 reticos
356 1605 386 1633 et
406 1599 565 1639 infideles,
583 1610 639 1632 seu
652 1598 904 1643 propraedictae
921 1597 978 1630 Ur-

220 1654 268 1687 bis
294 1659 410 1686 ornatu
431 1660 460 1686 et
482 1653 744 1697 frequentatione
769 1664 806 1684 ae
839 1652 976 1695 quibus-

221 1719 361 1751 cumque
383 1708 455 1740 aliis
471 1707 584 1740 usibus
607 1718 641 1739 ae
666 1706 761 1739 faiam
785 1706 977 1739 necessariis

221 1768 251 1795 et
280 1763 343 1806 piis
371 1762 476 1795 causis
512 1772 665 1795 concessa
696 1767 722 1793 et
753 1760 978 1803 multiplicatis

220 1816 345 1849 vicibus
370 1816 573 1856 confirmata,
602 1816 764 1853 innovata,
789 1820 918 1847 extensa
949 1819 979 1845 et

222 1871 389 1904 moderata
410 1876 441 1903 et
460 1876 728 1914 quantocumque
753 1874 900 1911 tempore
922 1879 977 1911 pa-

222 1924 313 1957 cifice
334 1925 513 1964 observata,
538 1924 646 1968 quoad
662 1934 733 1956 eam
755 1928 879 1966 partem
897 1933 979 1965 quae

223 1978 410 2021 illegitimos
436 1978 622 2021 praedictos
656 1976 757 2019 tangit
794 1976 977 2015 dumtaxat,

222 2032 320 2065 etiam
341 2032 365 2065 si
387 2032 442 2065 illa
471 2032 658 2065 contineant
674 2030 761 2074 quod
782 2041 894 2063 omnes
922 2040 979 2062 cu-

221 2085 317 2119 riales
336 2086 468 2120 Curiam
486 2090 656 2130 sequentes
670 2090 700 2117 et
714 2084 781 2123 alii,
796 2084 859 2116 sive
876 2084 978 2116 eecle-

222 2140 355 2180 siastici,
372 2140 469 2173 etiam
491 2139 683 2179 cardinales,
711 2138 774 2171 sive
801 2137 977 2177 mundani,

223 2193 278 2237 qui
303 2194 432 2238 palatia,
449 2194 564 2227 domos
579 2199 609 2226 et
635 2192 765 2236 praedia
790 2191 913 2225 urbana
933 2191 980 2223 vel

224 2247 345 2280 rustica
369 2247 633 2287 aedificaverint,
660 2251 715 2279 aut
739 2256 855 2279 census
880 2245 980 2278 aliave

224 2300 307 2334 bona
328 2301 560 2344 acquisiverint
579 2306 633 2333 aut
650 2300 728 2332 alias
743 2299 902 2342 acquisita
922 2300 980 2332 lia-

224 2354 355 2388 buerint
375 2355 407 2387 in
428 2355 513 2388 dicta
534 2354 630 2394 Urbe,
656 2360 685 2387 et
702 2353 826 2387 circum
849 2364 918 2386 eain
940 2353 980 2386 ad

224 2408 379 2441 milliaria
404 2409 530 2449 decem,
557 2420 594 2441 ex
621 2407 716 2441 bonis
741 2418 797 2440 seu
824 2407 981 2439 fructibus

224 2458 463 2498 ecclesiasticis,
484 2458 517 2490 hi
538 2458 617 2490 tales
638 2457 676 2490 de
700 2457 762 2489 illis
783 2467 909 2489 necnon
931 2456 981 2488 iu-

224 2507 314 2540 ribus
334 2512 365 2540 et
385 2507 668 2540 iurisdictionibus
693 2506 857 2545 omnibns,
883 2506 915 2538 in
936 2506 982 2538 sa-

225 2566 334 2589 vorem
352 2556 598 2599 illegitimorum
615 2567 652 2589 ac
668 2555 916 2599 quomodolibet
932 2555 982 2587 in-

225 2605 383 2639 habilium
402 2611 432 2639 et
452 2606 670 2650 incapacium,
700 2605 764 2638 sive
790 2605 874 2638 inter
898 2605 983 2638 vivos

224 2655 289 2689 sive
309 2666 406 2690 causa
426 2656 551 2696 mortis,
571 2655 754 2699 disponere,
771 2666 889 2698 eosque
905 2655 982 2689 liae-

308 2709 380 2740 Bull.
397 2709 473 2741 Rom.
502 2709 554 2740 Vol.
577 2709 634 2740 VII.
807 2709 859 2739 111

1008 357 1136 390 culares
1150 357 1317 390 instituere
1331 356 1622 396 etsul›stitiw1'e;ct
1641 355 1665 388 si
1684 355 1763 389 inte-

1009 411 1081 444 stati
1107 411 1314 451 decesserint,
1343 411 1403 454 ipsi
1433 409 1593 452 illegitimi
1619 414 1650 442 ct
1673 409 1762 442 inca-

1010 475 1104 508 paces
1125 465 1157 498 in
1179 465 1241 498 illis
1257 465 1430 498 succedere
1448 463 1585 507 possint,
1607 463 1762 507 qnodque

1010 529 1068 562 per
1088 530 1310 562 quascumque
1328 518 1561 558 revocationes,
1579 517 1763 561 derogatio-

1010 583 1068 605 nes
1088 578 1143 605 aut
1158 573 1236 606 alias
1257 573 1434 606 contrarias
1450 572 1679 615 dispositiones
1691 571 1763 613 illis,

1011 636 1151 668 quorum
1170 626 1315 667 interest,
1334 626 1551 670 praeiudicari
1569 632 1719 669 nequeat,
1736 632 1766 659 et

1011 679 1036 712 si
1055 680 1122 712 ullo
1148 692 1306 724 umquam
1334 687 1480 725 tempore
1503 680 1764 724 praeiudicatum

1012 738 1067 766 aut
1087 734 1276 778 derogatum
1303 735 1535 779 quoquomodo
1565 735 1764 778 apparuerit,

1013 787 1063 819 ius
1084 788 1266 830 quaesitum
1288 789 1431 821 ablatum
1444 794 1474 822 et
1489 788 1614 821 litterae
1635 799 1767 822 revoca-

1012 841 1138 874 tionum
1155 848 1185 875 et
1201 842 1448 886 derogationum
1471 842 1658 876 huiusmodi
1688 842 1768 875 iuris

1013 895 1150 938 quaesiti
1167 896 1290 929 ablatae
1325 902 1529 929 censeantur.
1563 895 1679 940 Sicque
1711 906 1769 939 per

1014 959 1239 993 quoscumque
1271 949 1396 983 iudices
1426 949 1563 983 iudicari
1600 949 1714 982 debeat
1739 955 1769 982 et

1014 1003 1110 1036 etiam
1131 1003 1273 1036 definiri.

1059 1058 1074 1101 ξ
1094 1060 1125 1090 2.
1149 1058 1193 1090 Ac
1209 1058 1332 1101 pariter
1358 1057 1502 1090 tollimus
1523 1064 1553 1090 et
1575 1058 1770 1100 abrogamus

993 1138 994 1144 ,
1015 1123 1128 1145 omnes
1156 1117 1186 1145 et
1210 1122 1432 1156 quascumque
1461 1111 1627 1144 facultates
1653 1111 1771 1144 similia

1016 1166 1216 1200 concedendi
1236 1167 1362 1210 legatis,
1386 1165 1527 1205 nunciis,
1549 1165 1696 1203 notariis,
1720 1176 1772 1197 co-

1017 1221 1163 1260 mitibus,
1186 1220 1343 1263 collegiis,
1363 1219 1479 1252 officiis
1497 1225 1526 1252 et
1543 1219 1614 1252 aliis
1626 1219 1772 1263 supr-tuli-

1018 1276 1087 1312 ctis,
1113 1286 1253 1318 quorum
1276 1274 1422 1307 oninium
1451 1279 1590 1313 tenores,
1622 1284 1659 1305 ac
1682 1273 1706 1305 si
1734 1274 1771 1305 de

1017 1330 1114 1363 verbo
1132 1329 1169 1361 ad
1190 1328 1325 1362 verbum
1348 1329 1582 1363 insererentur,
1615 1328 1773 1360 babemus

1019 1384 1244 1429 praesentibus
1260 1394 1318 1426 pro
1333 1382 1501 1427 expressis.
1526 1382 1569 1414 lta
1592 1387 1624 1414 nt
1647 1382 1774 1425 privile-

1018 1439 1159 1481 giorum,
1183 1437 1475 1480 dispensationum,
1496 1436 1697 1475 facultatum,
1716 1435 1773 1467 lia—

1018 1491 1250 1531 bilitationum,
1271 1490 1499 1534 capacitatuin,
1523 1489 1724 1522 indultorum
1746 1494 1775 1522 et

1019 1548 1160 1581 aliorum
1181 1545 1446 1590 suprat‘lictorum
1472 1544 1517 1576 sic
1534 1549 1772 1585 revocatorum,

1020 1601 1183 1634 autetiam
1209 1600 1393 1632 litterarum
1413 1597 1659 1641 legitimationis
1682 1608 1774 1641 prae-

1021 1661 1119 1693 textu,
1140 1655 1250 1687 nullus
1266 1652 1449 1686 omninode
1466 1650 1653 1684 huiusmodi
1669 1652 1773 1688 bonis,

1022 1709 1127 1749 rebus,
1145 1708 1306 1753 pecuniis,
1331 1707 1470 1743 iuribus,
1495 1705 1776 1737 iurisditlionibus

1021 1768 1049 1795 et
1062 1763 1258 1797 actionibus.
1275 1760 1524 1794 incommodum
1541 1765 1568 1792 et
1581 1760 1721 1791 savorem
1738 1760 1775 1791 il-

1021 1816 1241 1859 legitimorum
1268 1815 1421 1849 utriusvis
1446 1825 1552 1853 sexus,
1575 1814 1638 1845 sive
1664 1825 1777 1846 eorum

1021 1870 1167 1903 liliorum
1179 1871 1243 1904 sive
1257 1869 1577 1912 consanguineorum
1594 1867 1778 1900 alliniumve

1022 1924 1085 1957 sive
1103 1930 1345 1963 extraneorum,
1364 1922 1460 1955 etiam
1476 1922 1508 1954 in
1524 1927 1607 1955 statu
1620 1921 1778 1954 saeculari

1022 1984 1267 2022 procreatorum
1293 1988 1330 2011 ac
1355 1976 1544 2020 legitimati,
1571 1986 1779 2018 quacumque

1022 2033 1214 2066 auctoritate
1234 2032 1445 2072 donatorum,
1478 2036 1507 2063 et
1533 2030 1572 2062 ad
1590 2029 1778 2062 huiusmodi

1022 2098 1074 2120 res
1094 2093 1124 2120 et.
1139 2087 1223 2119 bona
1244 2087 1380 2130 eiusque
1397 2084 1649 2123 successionem,
1668 2089 1781 2117 testato

1024 2142 1071 2174 vel
1092 2141 1252 2180 intestato,
1276 2141 1470 2173 idoneorum
1492 2144 1521 2171 et
1543 2138 1713 2181 capacium
1735 2138 1780 2169 ef-

1023 2198 1196 2237 fectorum,
1219 2196 1283 2229 sive
1304 2199 1496 2228 testamento
1517 2193 1581 2225 sive
1607 2192 1781 2225 donatione

1023 2251 1087 2283 sive
1106 2250 1211 2294 legato
1227 2250 1291 2283 sive
1305 2249 1508 2292 eleemosyna
1528 2246 1593 2279 sive
1615 2246 1680 2279 alio
1701 2256 1781 2290 quo-

1024 2315 1165 2347 cumque
1190 2303 1282 2337 titulo
1309 2310 1339 2336 et
1366 2303 1418 2346 pio
1440 2312 1538 2344 opere
1563 2299 1724 2344 (exceptis
1748 2299 1781 2332 in

1024 2353 1205 2398 communi,
1229 2368 1265 2390 ac
1287 2356 1375 2390 omni
1403 2355 1536 2395 fraude,
1565 2353 1780 2387 conventione

1025 2423 1080 2445 seu
1093 2411 1330 2456 compositione
1339 2414 1494 2449 cessante,
1504 2407 1721 2451 hospitalibus
1730 2418 1781 2441 ex-

1025 2461 1206 2505 positorum
1218 2466 1248 2493 et
1259 2458 1515 2504 orphanorum),
1531 2457 1705 2501 disponere
1721 2468 1781 2490 nec

1026 2511 1186 2554 illegitimi
1203 2510 1263 2554 ipsi
1285 2510 1316 2542 in
1334 2509 1380 2542 eis
1390 2509 1428 2541 ab
1443 2508 1605 2547 intestato,
1623 2507 1687 2540 sive
1704 2518 1780 2550 pro-

1026 2560 1113 2593 tinus
1138 2559 1203 2593 sive
1237 2570 1295 2603 per
1322 2557 1529 2601 interpositas
1563 2567 1716 2600 personas
1745 2567 1780 2590 ac

1025 2610 1333 2654 quomodocumque
1355 2607 1540 2648 succedere,
1554 2612 1609 2640 aut
1630 2606 1684 2639 illa
1704 2605 1782 2639 alias

1026 2660 1065 2692 ad
1078 2671 1144 2699 eos,
1163 2659 1259 2692 etiam
1278 2669 1336 2702 per
1350 2667 1593 2702 quemcumque
1606 2655 1781 2689 circuitum

1777 251 1826 276 An.
1844 250 1871 275 C.
1893 250 1957 276 1571

1813 1067 1926 1087 nevos-ana
1943 1065 1971 1085 la·

1786 1100 1886 1118 vallatum

1786 1133 1862 1151 toturn.
1880 1134 1933 1148 nnn*

1910 1098 1922 1117 1.

1787 1168 1829 1181 runi
1847 1163 1866 1180 et
1883 1160 1970 1179 aliorum

1788 1192 1864 1212 similia

1788 1223 1858 1243 down,

1889 1196 1928 1209 von

1933 1103 1970 1123 3³·

1938 1134 1970 1148 1ον

1933 1196 1970 1210 uec
