<?xml version="1.0" encoding="UTF-8"?>
<!DOCTYPE html PUBLIC "-//W3C//DTD XHTML 1.0 Transitional//EN"
    "http://www.w3.org/TR/xhtml1/DTD/xhtml1-transitional.dtd">
<html xmlns="http://www.w3.org/1999/xhtml" xml:lang="en" lang="en">
 <head>
  <title>
</title>
<meta http-equiv="Content-Type" content="text/html;charset=utf-8" />
  <meta name='ocr-system' content='tesseract 3.04.00' />
  <meta name='ocr-capabilities' content='ocr_page ocr_carea ocr_par ocr_line ocrx_word'/>
</head>
<body>
  <div class='ocr_page' id='page_1' title='image "./bullarumdiplomat07cath_0420.png"; bbox 0 0 2237 3100; ppageno 0'>
   <div class='ocr_carea' id='block_1_1' title="bbox 191 260 374 288">
    <p class='ocr_par' dir='ltr' id='par_1_1' title="bbox 191 260 374 288">
     <span class='ocr_line' id='line_1_1' title="bbox 191 260 374 288; baseline 0.016 -3"><span class='ocrx_word' id='word_1_1' title='bbox 191 260 240 286; x_wconf 79' lang='lat' dir='ltr'>An.</span> <span class='ocrx_word' id='word_1_2' title='bbox 259 261 287 287; x_wconf 85' lang='lat' dir='ltr'>C.</span> <span class='ocrx_word' id='word_1_3' title='bbox 309 260 374 288; x_wconf 74' lang='lat'>¹563</span> 
     </span>
    </p>
   </div>
   <div class='ocr_carea' id='block_1_2' title="bbox 189 484 373 537">
    <p class='ocr_par' dir='ltr' id='par_1_2' title="bbox 189 484 373 537">
     <span class='ocr_line' id='line_1_2' title="bbox 210 484 373 506; baseline 0.018 -3"><span class='ocrx_word' id='word_1_4' title='bbox 210 484 276 504; x_wconf 66' lang='lat' dir='ltr'>Causa</span> <span class='ocrx_word' id='word_1_5' title='bbox 313 486 373 506; x_wconf 81' lang='lat' dir='ltr'>istius</span> 
     </span>
     <span class='ocr_line' id='line_1_3' title="bbox 189 517 353 537; baseline 0.006 -2"><span class='ocrx_word' id='word_1_6' title='bbox 189 517 353 537; x_wconf 66' lang='lat' dir='ltr'>constitutionis.</span> 
     </span>
    </p>
   </div>
   <div class='ocr_carea' id='block_1_3' title="bbox 182 1598 368 1902">
    <p class='ocr_par' dir='ltr' id='par_1_3' title="bbox 196 1598 368 1619">
     <span class='ocr_line' id='line_1_4' title="bbox 196 1598 368 1619; baseline 0.006 -1"><span class='ocrx_word' id='word_1_7' title='bbox 196 1598 303 1619; x_wconf 74' lang='lat' dir='ltr'>inhibetur</span> <span class='ocrx_word' id='word_1_8' title='bbox 314 1605 368 1619; x_wconf 86' lang='lat' dir='ltr'>nnn-</span> 
     </span>
    </p>

    <p class='ocr_par' dir='ltr' id='par_1_4' title="bbox 182 1630 368 1902">
     <span class='ocr_line' id='line_1_5' title="bbox 182 1630 367 1651; baseline 0.016 -3"><span class='ocrx_word' id='word_1_9' title='bbox 182 1630 221 1649; x_wconf 72' lang='lat' dir='ltr'>ciis</span> <span class='ocrx_word' id='word_1_10' title='bbox 237 1633 256 1649; x_wconf 72' lang='lat' dir='ltr'>et</span> <span class='ocrx_word' id='word_1_11' title='bbox 274 1630 322 1650; x_wconf 75' lang='lat' dir='ltr'>aliis</span> <span class='ocrx_word' id='word_1_12' title='bbox 341 1636 367 1651; x_wconf 77' lang='lat' dir='ltr'>ne</span> 
     </span>
     <span class='ocr_line' id='line_1_6' title="bbox 183 1661 366 1686; baseline 0.016 -8"><span class='ocrx_word' id='word_1_13' title='bbox 183 1666 192 1678; x_wconf 78' lang='lat' dir='ltr'>a</span> <span class='ocrx_word' id='word_1_14' title='bbox 202 1661 332 1686; x_wconf 74' lang='lat' dir='ltr'>principibus</span> <span class='ocrx_word' id='word_1_15' title='bbox 343 1663 366 1681; x_wconf 79' lang='lat' dir='ltr'>ad</span> 
     </span>
     <span class='ocr_line' id='line_1_7' title="bbox 184 1694 366 1715; baseline 0.016 -8"><span class='ocrx_word' id='word_1_16' title='bbox 184 1696 236 1715; x_wconf 70' lang='lat' dir='ltr'>quo&lt;</span> <span class='ocrx_word' id='word_1_17' title='bbox 257 1694 366 1710; x_wconf 86' lang='lat' dir='ltr'>mittuntur</span> 
     </span>
     <span class='ocr_line' id='line_1_8' title="bbox 186 1721 368 1748; baseline -0.005 -9"><span class='ocrx_word' id='word_1_18' title='bbox 186 1721 269 1740; x_wconf 60' lang='lat' dir='ltr'>[dt&#39;tntt‘s</span> <span class='ocrx_word' id='word_1_19' title='bbox 295 1728 368 1748; x_wconf 64' lang='lat' dir='ltr'>prot-u,</span> 
     </span>
     <span class='ocr_line' id='line_1_9' title="bbox 183 1753 366 1778; baseline 0.011 -7"><span class='ocrx_word' id='word_1_20' title='bbox 183 1755 237 1775; x_wconf 67' lang='lat' dir='ltr'>ient,</span> <span class='ocrx_word' id='word_1_21' title='bbox 250 1753 333 1778; x_wconf 63' lang='lat' dir='ltr'>itti-que</span> <span class='ocrx_word' id='word_1_22' title='bbox 345 1759 366 1773; x_wconf 87' lang='grc' dir='ltr'>ιι-</span> 
     </span>
     <span class='ocr_line' id='line_1_10' title="bbox 184 1784 365 1803; baseline 0.006 -1"><span class='ocrx_word' id='word_1_23' title='bbox 184 1786 253 1802; x_wconf 74' lang='lat' dir='ltr'>taittttr</span> <span class='ocrx_word' id='word_1_24' title='bbox 265 1785 288 1803; x_wconf 82' lang='lat' dir='ltr'>ad</span> <span class='ocrx_word' id='word_1_25' title='bbox 300 1784 365 1803; x_wconf 65' lang='lat' dir='ltr'>obtin.</span> 
     </span>
     <span class='ocr_line' id='line_1_11' title="bbox 183 1814 366 1837; baseline 0.016 -6"><span class='ocrx_word' id='word_1_26' title='bbox 183 1814 304 1837; x_wconf 60' lang='lat' dir='ltr'>‹heau-tes,</span> <span class='ocrx_word' id='word_1_27' title='bbox 330 1815 366 1834; x_wconf 79' lang='lat' dir='ltr'>suh</span> 
     </span>
     <span class='ocr_line' id='line_1_12' title="bbox 184 1845 367 1869; baseline 0.011 -6"><span class='ocrx_word' id='word_1_28' title='bbox 184 1846 257 1869; x_wconf 65' lang='lat' dir='ltr'>poeni&lt;</span> <span class='ocrx_word' id='word_1_29' title='bbox 280 1845 312 1864; x_wconf 77' lang='lat' dir='ltr'>1th</span> <span class='ocrx_word' id='word_1_30' title='bbox 330 1850 367 1865; x_wconf 80' lang='lat' dir='ltr'>ex-</span> 
     </span>
     <span class='ocr_line' id='line_1_13' title="bbox 183 1877 269 1902; baseline 0 -7"><span class='ocrx_word' id='word_1_31' title='bbox 183 1877 269 1902; x_wconf 68' lang='lat' dir='ltr'>pressis.</span> 
     </span>
    </p>
   </div>
   <div class='ocr_carea' id='block_1_4' title="bbox 433 251 498 286">
    <p class='ocr_par' dir='ltr' id='par_1_5' title="bbox 433 251 498 286">
     <span class='ocr_line' id='line_1_14' title="bbox 433 251 498 286; baseline 0 -1"><span class='ocrx_word' id='word_1_32' title='bbox 433 251 498 286; x_wconf 84' lang='lat'>370</span> 
     </span>
    </p>
   </div>
   <div class='ocr_carea' id='block_1_5' title="bbox 391 314 1139 354">
    <p class='ocr_par' dir='ltr' id='par_1_6' title="bbox 391 314 1139 354">
     <span class='ocr_line' id='line_1_15' title="bbox 391 314 1139 354; baseline -0.001 -7"><span class='ocrx_word' id='word_1_33' title='bbox 391 320 465 354; x_wconf 83' lang='lat' dir='ltr'>tem,</span> <span class='ocrx_word' id='word_1_34' title='bbox 487 315 723 348; x_wconf 82' lang='lat' dir='ltr'>ecclesiasticus</span> <span class='ocrx_word' id='word_1_35' title='bbox 742 316 821 348; x_wconf 87' lang='lat' dir='ltr'>ordo</span> <span class='ocrx_word' id='word_1_36' title='bbox 843 315 1027 347; x_wconf 71' lang='lat' dir='ltr'>scandaloso</span> <span class='ocrx_word' id='word_1_37' title='bbox 1055 314 1139 346; x_wconf 86' lang='lat' dir='ltr'>blas-</span> 
     </span>
    </p>
   </div>
   <div class='ocr_carea' id='block_1_6' title="bbox 379 368 571 412">
    <p class='ocr_par' dir='ltr' id='par_1_7' title="bbox 379 368 571 412">
     <span class='ocr_line' id='line_1_16' title="bbox 379 368 571 412; baseline 0 -12"><span class='ocrx_word' id='word_1_38' title='bbox 379 368 571 412; x_wconf 81' lang='lat' dir='ltr'>pbernetur.</span> 
     </span>
    </p>
   </div>
   <div class='ocr_carea' id='block_1_7' title="bbox 380 420 1140 2172">
    <p class='ocr_par' dir='ltr' id='par_1_8' title="bbox 383 420 1140 1526">
     <span class='ocr_line' id='line_1_17' title="bbox 433 420 1140 464; baseline -0.004 -10"><span class='ocrx_word' id='word_1_39' title='bbox 433 422 447 464; x_wconf 59' lang='grc' dir='ltr'><strong>ξ</strong></span> <span class='ocrx_word' id='word_1_40' title='bbox 483 421 510 453; x_wconf 82' lang='lat' dir='ltr'>l.</span> <span class='ocrx_word' id='word_1_41' title='bbox 548 421 629 454; x_wconf 86' lang='lat' dir='ltr'>Sane</span> <span class='ocrx_word' id='word_1_42' title='bbox 655 421 895 454; x_wconf 67' lang='lat' dir='ltr'>considerantes</span> <span class='ocrx_word' id='word_1_43' title='bbox 928 420 1014 464; x_wconf 86' lang='lat' dir='ltr'>quod</span> <span class='ocrx_word' id='word_1_44' title='bbox 1049 420 1140 453; x_wconf 87' lang='lat' dir='ltr'>annis</span> 
     </span>
     <span class='ocr_line' id='line_1_18' title="bbox 389 474 1139 517; baseline 0 -11"><span class='ocrx_word' id='word_1_45' title='bbox 389 475 568 517; x_wconf 89' lang='lat' dir='ltr'>praeteritis</span> <span class='ocrx_word' id='word_1_46' title='bbox 592 475 689 517; x_wconf 88' lang='lat' dir='ltr'>aliqui</span> <span class='ocrx_word' id='word_1_47' title='bbox 723 474 939 516; x_wconf 81' lang='lat' dir='ltr'>quorumdam</span> <span class='ocrx_word' id='word_1_48' title='bbox 978 474 1139 506; x_wconf 80' lang='lat' dir='ltr'>Romano-</span> 
     </span>
     <span class='ocr_line' id='line_1_19' title="bbox 389 527 1139 570; baseline 0.004 -12"><span class='ocrx_word' id='word_1_49' title='bbox 389 538 459 559; x_wconf 85' lang='lat' dir='ltr'>rum</span> <span class='ocrx_word' id='word_1_50' title='bbox 483 527 674 560; x_wconf 72' lang='lat' dir='ltr'>Pontificum</span> <span class='ocrx_word' id='word_1_51' title='bbox 701 527 986 570; x_wconf 54' lang='lat' dir='ltr'>praet‘leeessorum</span> <span class='ocrx_word' id='word_1_52' title='bbox 1018 534 1139 561; x_wconf 85' lang='lat' dir='ltr'>nostro-</span> 
     </span>
     <span class='ocr_line' id='line_1_20' title="bbox 388 580 1140 624; baseline 0.004 -13"><span class='ocrx_word' id='word_1_53' title='bbox 388 590 473 616; x_wconf 77' lang='lat' dir='ltr'>rum,</span> <span class='ocrx_word' id='word_1_54' title='bbox 495 591 530 612; x_wconf 86' lang='lat' dir='ltr'>ac</span> <span class='ocrx_word' id='word_1_55' title='bbox 553 580 646 612; x_wconf 85' lang='lat' dir='ltr'>etiam</span> <span class='ocrx_word' id='word_1_56' title='bbox 669 581 768 613; x_wconf 86' lang='lat' dir='ltr'>nostri</span> <span class='ocrx_word' id='word_1_57' title='bbox 789 585 819 612; x_wconf 82' lang='lat' dir='ltr'>ct</span> <span class='ocrx_word' id='word_1_58' title='bbox 835 580 1034 624; x_wconf 76' lang='lat' dir='ltr'>Apostolicae</span> <span class='ocrx_word' id='word_1_59' title='bbox 1051 581 1140 615; x_wconf 86' lang='lat' dir='ltr'>Sedis</span> 
     </span>
     <span class='ocr_line' id='line_1_21' title="bbox 388 631 1136 677; baseline 0.004 -13"><span class='ocrx_word' id='word_1_60' title='bbox 388 631 498 664; x_wconf 88' lang='lat' dir='ltr'>nuncii</span> <span class='ocrx_word' id='word_1_61' title='bbox 523 632 562 664; x_wconf 87' lang='lat' dir='ltr'>ad</span> <span class='ocrx_word' id='word_1_62' title='bbox 584 632 723 666; x_wconf 78' lang='lat' dir='ltr'>diversos</span> <span class='ocrx_word' id='word_1_63' title='bbox 750 633 911 677; x_wconf 72' lang='lat' dir='ltr'>principes</span> <span class='ocrx_word' id='word_1_64' title='bbox 937 635 1136 674; x_wconf 83' lang='lat' dir='ltr'>saeculares,</span> 
     </span>
     <span class='ocr_line' id='line_1_22' title="bbox 388 684 1140 729; baseline 0.008 -14"><span class='ocrx_word' id='word_1_65' title='bbox 388 684 481 716; x_wconf 89' lang='lat' dir='ltr'>etiam</span> <span class='ocrx_word' id='word_1_66' title='bbox 504 695 562 727; x_wconf 90' lang='lat' dir='ltr'>pro</span> <span class='ocrx_word' id='word_1_67' title='bbox 586 685 676 718; x_wconf 87' lang='lat' dir='ltr'>seriis</span> <span class='ocrx_word' id='word_1_68' title='bbox 696 687 909 729; x_wconf 75' lang='lat' dir='ltr'>gravibusque</span> <span class='ocrx_word' id='word_1_69' title='bbox 931 686 1032 720; x_wconf 88' lang='lat' dir='ltr'>dictae</span> <span class='ocrx_word' id='word_1_70' title='bbox 1050 687 1140 721; x_wconf 82' lang='lat' dir='ltr'>Sedis</span> 
     </span>
     <span class='ocr_line' id='line_1_23' title="bbox 387 737 1138 785; baseline 0.007 -16"><span class='ocrx_word' id='word_1_71' title='bbox 387 737 540 779; x_wconf 76' lang='lat' dir='ltr'>negociis,</span> <span class='ocrx_word' id='word_1_72' title='bbox 573 739 680 779; x_wconf 85' lang='lat' dir='ltr'>missi,</span> <span class='ocrx_word' id='word_1_73' title='bbox 708 740 852 772; x_wconf 88' lang='lat' dir='ltr'>muneris</span> <span class='ocrx_word' id='word_1_74' title='bbox 879 741 927 773; x_wconf 91' lang='lat' dir='ltr'>sui</span> <span class='ocrx_word' id='word_1_75' title='bbox 949 741 1138 785; x_wconf 81' lang='lat' dir='ltr'>decorisque</span> 
     </span>
     <span class='ocr_line' id='line_1_24' title="bbox 386 789 1138 837; baseline 0.008 -16"><span class='ocrx_word' id='word_1_76' title='bbox 386 789 523 822; x_wconf 88' lang='lat' dir='ltr'>nimium</span> <span class='ocrx_word' id='word_1_77' title='bbox 545 791 646 831; x_wconf 86' lang='lat' dir='ltr'>obliti,</span> <span class='ocrx_word' id='word_1_78' title='bbox 670 792 701 824; x_wconf 93' lang='lat' dir='ltr'>in</span> <span class='ocrx_word' id='word_1_79' title='bbox 727 793 946 825; x_wconf 70' lang='lat' dir='ltr'>detestandam</span> <span class='ocrx_word' id='word_1_80' title='bbox 976 795 1138 837; x_wconf 78' lang='lat' dir='ltr'>praelatu-</span> 
     </span>
     <span class='ocr_line' id='line_1_25' title="bbox 386 844 1136 888; baseline 0.008 -13"><span class='ocrx_word' id='word_1_81' title='bbox 386 853 496 875; x_wconf 88' lang='lat' dir='ltr'>rarum</span> <span class='ocrx_word' id='word_1_82' title='bbox 522 844 726 888; x_wconf 80' lang='lat' dir='ltr'>aliorumque</span> <span class='ocrx_word' id='word_1_83' title='bbox 760 846 1065 885; x_wconf 81' lang='lat' dir='ltr'>ecclesiastieorum,</span> <span class='ocrx_word' id='word_1_84' title='bbox 1091 854 1136 881; x_wconf 90' lang='lat' dir='ltr'>at-</span> 
     </span>
     <span class='ocr_line' id='line_1_26' title="bbox 385 896 1138 939; baseline 0.007 -11"><span class='ocrx_word' id='word_1_85' title='bbox 385 907 447 939; x_wconf 87' lang='lat' dir='ltr'>que</span> <span class='ocrx_word' id='word_1_86' title='bbox 468 896 549 930; x_wconf 84' lang='lat' dir='ltr'>adeo</span> <span class='ocrx_word' id='word_1_87' title='bbox 560 898 788 937; x_wconf 63' lang='lat' dir='ltr'>cardinalatus,</span> <span class='ocrx_word' id='word_1_88' title='bbox 811 900 972 932; x_wconf 86' lang='lat' dir='ltr'>honorum</span> <span class='ocrx_word' id='word_1_89' title='bbox 990 901 1138 933; x_wconf 83' lang='lat' dir='ltr'>ambitio—</span> 
     </span>
     <span class='ocr_line' id='line_1_27' title="bbox 385 950 1138 997; baseline 0.008 -16"><span class='ocrx_word' id='word_1_90' title='bbox 385 960 458 981; x_wconf 87' lang='lat' dir='ltr'>nem</span> <span class='ocrx_word' id='word_1_91' title='bbox 480 950 624 994; x_wconf 72' lang='lat' dir='ltr'>collapsi,</span> <span class='ocrx_word' id='word_1_92' title='bbox 648 953 685 984; x_wconf 88' lang='lat' dir='ltr'>ad</span> <span class='ocrx_word' id='word_1_93' title='bbox 707 953 778 986; x_wconf 88' lang='lat' dir='ltr'>illos</span> <span class='ocrx_word' id='word_1_94' title='bbox 798 954 860 986; x_wconf 87' lang='lat' dir='ltr'>alia</span> <span class='ocrx_word' id='word_1_95' title='bbox 880 953 1019 997; x_wconf 78' lang='lat' dir='ltr'>qualibet</span> <span class='ocrx_word' id='word_1_96' title='bbox 1041 965 1138 997; x_wconf 81' lang='lat' dir='ltr'>quam</span> 
     </span>
     <span class='ocr_line' id='line_1_28' title="bbox 387 1002 1138 1050; baseline 0.009 -17"><span class='ocrx_word' id='word_1_97' title='bbox 387 1002 587 1036; x_wconf 82' lang='lat' dir='ltr'>sanctissima</span> <span class='ocrx_word' id='word_1_98' title='bbox 614 1005 750 1038; x_wconf 78' lang='lat' dir='ltr'>Aaronis</span> <span class='ocrx_word' id='word_1_99' title='bbox 783 1007 829 1039; x_wconf 78' lang='lat' dir='ltr'>via</span> <span class='ocrx_word' id='word_1_100' title='bbox 858 1007 1023 1050; x_wconf 86' lang='lat' dir='ltr'>pervenire</span> <span class='ocrx_word' id='word_1_101' title='bbox 1056 1014 1138 1040; x_wconf 79' lang='lat' dir='ltr'>sata-</span> 
     </span>
     <span class='ocr_line' id='line_1_29' title="bbox 385 1059 1139 1103; baseline 0.009 -17"><span class='ocrx_word' id='word_1_102' title='bbox 385 1060 505 1098; x_wconf 74' lang='lat' dir='ltr'>gentes,</span> <span class='ocrx_word' id='word_1_103' title='bbox 531 1059 808 1093; x_wconf 77' lang='lat' dir='ltr'>conmielulatitias</span> <span class='ocrx_word' id='word_1_104' title='bbox 833 1071 930 1103; x_wconf 82' lang='lat' dir='ltr'>super</span> <span class='ocrx_word' id='word_1_105' title='bbox 950 1060 1011 1092; x_wconf 85' lang='lat' dir='ltr'>hoc</span> <span class='ocrx_word' id='word_1_106' title='bbox 1033 1060 1139 1093; x_wconf 89' lang='lat' dir='ltr'>literas</span> 
     </span>
     <span class='ocr_line' id='line_1_30' title="bbox 386 1108 1139 1158; baseline 0.009 -18"><span class='ocrx_word' id='word_1_107' title='bbox 386 1114 412 1140; x_wconf 87' lang='lat' dir='ltr'>et</span> <span class='ocrx_word' id='word_1_108' title='bbox 436 1108 595 1142; x_wconf 83' lang='lat' dir='ltr'>indebitos</span> <span class='ocrx_word' id='word_1_109' title='bbox 625 1112 748 1145; x_wconf 77' lang='lat' dir='ltr'>favores</span> <span class='ocrx_word' id='word_1_110' title='bbox 777 1114 815 1145; x_wconf 83' lang='lat' dir='ltr'>ab</span> <span class='ocrx_word' id='word_1_111' title='bbox 841 1114 917 1156; x_wconf 79' lang='lat' dir='ltr'>ipsis</span> <span class='ocrx_word' id='word_1_112' title='bbox 938 1114 1139 1158; x_wconf 86' lang='lat' dir='ltr'>principibus</span> 
     </span>
     <span class='ocr_line' id='line_1_31' title="bbox 385 1162 1139 1209; baseline 0.008 -16"><span class='ocrx_word' id='word_1_113' title='bbox 385 1162 593 1196; x_wconf 68' lang='lat' dir='ltr'>emendicare</span> <span class='ocrx_word' id='word_1_114' title='bbox 615 1175 678 1197; x_wconf 89' lang='lat' dir='ltr'>non</span> <span class='ocrx_word' id='word_1_115' title='bbox 698 1166 911 1206; x_wconf 75' lang='lat' dir='ltr'>erulnterunt,</span> <span class='ocrx_word' id='word_1_116' title='bbox 937 1171 965 1198; x_wconf 88' lang='lat' dir='ltr'>et</span> <span class='ocrx_word' id='word_1_117' title='bbox 987 1167 1072 1209; x_wconf 86' lang='lat' dir='ltr'>quod</span> <span class='ocrx_word' id='word_1_118' title='bbox 1095 1168 1139 1199; x_wconf 74' lang='lat' dir='ltr'>eis</span> 
     </span>
     <span class='ocr_line' id='line_1_32' title="bbox 385 1217 1139 1260; baseline 0.009 -15"><span class='ocrx_word' id='word_1_119' title='bbox 385 1220 472 1247; x_wconf 85' lang='lat' dir='ltr'>recto</span> <span class='ocrx_word' id='word_1_120' title='bbox 499 1217 625 1249; x_wconf 86' lang='lat' dir='ltr'>tramite</span> <span class='ocrx_word' id='word_1_121' title='bbox 645 1218 821 1260; x_wconf 73' lang='lat' dir='ltr'>gradiendo</span> <span class='ocrx_word' id='word_1_122' title='bbox 842 1229 906 1252; x_wconf 91' lang='lat' dir='ltr'>non</span> <span class='ocrx_word' id='word_1_123' title='bbox 923 1219 1070 1259; x_wconf 85' lang='lat' dir='ltr'>dabatur,</span> <span class='ocrx_word' id='word_1_124' title='bbox 1094 1231 1139 1252; x_wconf 91' lang='lat' dir='ltr'>as-</span> 
     </span>
     <span class='ocr_line' id='line_1_33' title="bbox 383 1267 1138 1315; baseline 0.009 -17"><span class='ocrx_word' id='word_1_125' title='bbox 383 1267 495 1307; x_wconf 85' lang='lat' dir='ltr'>siduis,</span> <span class='ocrx_word' id='word_1_126' title='bbox 510 1274 538 1300; x_wconf 89' lang='lat' dir='ltr'>et</span> <span class='ocrx_word' id='word_1_127' title='bbox 552 1270 669 1312; x_wconf 83' lang='lat' dir='ltr'>quibus</span> <span class='ocrx_word' id='word_1_128' title='bbox 685 1282 748 1304; x_wconf 90' lang='lat' dir='ltr'>non</span> <span class='ocrx_word' id='word_1_129' title='bbox 765 1272 897 1315; x_wconf 81' lang='lat' dir='ltr'>obsequi</span> <span class='ocrx_word' id='word_1_130' title='bbox 919 1272 1047 1305; x_wconf 68' lang='lat' dir='ltr'>distic-ile</span> <span class='ocrx_word' id='word_1_131' title='bbox 1061 1273 1138 1306; x_wconf 86' lang='lat' dir='ltr'>fuis—</span> 
     </span>
     <span class='ocr_line' id='line_1_34' title="bbox 384 1320 1137 1367; baseline 0.009 -15"><span class='ocrx_word' id='word_1_132' title='bbox 384 1325 442 1359; x_wconf 87' lang='lat' dir='ltr'>set,</span> <span class='ocrx_word' id='word_1_133' title='bbox 479 1320 662 1366; x_wconf 73' lang='lat' dir='ltr'>principum</span> <span class='ocrx_word' id='word_1_134' title='bbox 689 1325 970 1367; x_wconf 77' lang='lat' dir='ltr'>etllagitationiliuis</span> <span class='ocrx_word' id='word_1_135' title='bbox 997 1331 1137 1359; x_wconf 72' lang='lat' dir='ltr'>extorse-</span> 
     </span>
     <span class='ocr_line' id='line_1_35' title="bbox 385 1374 1137 1422; baseline 0.009 -17"><span class='ocrx_word' id='word_1_136' title='bbox 385 1379 472 1413; x_wconf 88' lang='lat' dir='ltr'>runt,</span> <span class='ocrx_word' id='word_1_137' title='bbox 497 1374 527 1406; x_wconf 92' lang='lat' dir='ltr'>in</span> <span class='ocrx_word' id='word_1_138' title='bbox 550 1375 683 1417; x_wconf 88' lang='lat' dir='ltr'>suimet,</span> <span class='ocrx_word' id='word_1_139' title='bbox 713 1378 767 1421; x_wconf 85' lang='lat' dir='ltr'>qui</span> <span class='ocrx_word' id='word_1_140' title='bbox 789 1390 847 1422; x_wconf 80' lang='lat' dir='ltr'>per</span> <span class='ocrx_word' id='word_1_141' title='bbox 867 1378 984 1411; x_wconf 85' lang='lat' dir='ltr'>ostium</span> <span class='ocrx_word' id='word_1_142' title='bbox 1007 1389 1069 1411; x_wconf 92' lang='lat' dir='ltr'>non</span> <span class='ocrx_word' id='word_1_143' title='bbox 1092 1380 1137 1412; x_wconf 92' lang='lat' dir='ltr'>in-</span> 
     </span>
     <span class='ocr_line' id='line_1_36' title="bbox 385 1429 1137 1475; baseline 0.008 -16"><span class='ocrx_word' id='word_1_144' title='bbox 385 1433 522 1469; x_wconf 87' lang='lat' dir='ltr'>trarunt,</span> <span class='ocrx_word' id='word_1_145' title='bbox 545 1429 726 1463; x_wconf 87' lang='lat' dir='ltr'>animarum</span> <span class='ocrx_word' id='word_1_146' title='bbox 751 1432 933 1475; x_wconf 77' lang='lat' dir='ltr'>periculum</span> <span class='ocrx_word' id='word_1_147' title='bbox 955 1437 985 1464; x_wconf 87' lang='lat' dir='ltr'>et</span> <span class='ocrx_word' id='word_1_148' title='bbox 1004 1443 1137 1475; x_wconf 75' lang='lat' dir='ltr'>pravum</span> 
     </span>
     <span class='ocr_line' id='line_1_37' title="bbox 383 1480 736 1526; baseline 0.011 -14"><span class='ocrx_word' id='word_1_149' title='bbox 383 1480 522 1513; x_wconf 86' lang='lat' dir='ltr'>aliorum</span> <span class='ocrx_word' id='word_1_150' title='bbox 540 1483 736 1526; x_wconf 81' lang='lat' dir='ltr'>exemplum.</span> 
     </span>
    </p>

    <p class='ocr_par' dir='ltr' id='par_1_9' title="bbox 380 1534 1137 2172">
     <span class='ocr_line' id='line_1_38' title="bbox 427 1534 1137 1579; baseline 0.008 -13"><span class='ocrx_word' id='word_1_151' title='bbox 427 1536 441 1576; x_wconf 60' lang='grc' dir='ltr'>ξ</span> <span class='ocrx_word' id='word_1_152' title='bbox 468 1534 498 1566; x_wconf 61' lang='grc'>2.</span> <span class='ocrx_word' id='word_1_153' title='bbox 526 1535 589 1568; x_wconf 83' lang='lat' dir='ltr'>Nos</span> <span class='ocrx_word' id='word_1_154' title='bbox 603 1536 722 1579; x_wconf 77' lang='lat' dir='ltr'>itaque,</span> <span class='ocrx_word' id='word_1_155' title='bbox 747 1544 923 1571; x_wconf 81' lang='lat' dir='ltr'>reseratum</span> <span class='ocrx_word' id='word_1_156' title='bbox 946 1538 995 1571; x_wconf 88' lang='lat' dir='ltr'>his</span> <span class='ocrx_word' id='word_1_157' title='bbox 1016 1540 1137 1572; x_wconf 80' lang='lat' dir='ltr'>artibus</span> 
     </span>
     <span class='ocr_line' id='line_1_39' title="bbox 383 1587 1134 1636; baseline 0.008 -17"><span class='ocrx_word' id='word_1_158' title='bbox 383 1587 503 1620; x_wconf 80' lang='lat' dir='ltr'>aditum</span> <span class='ocrx_word' id='word_1_159' title='bbox 521 1588 720 1630; x_wconf 88' lang='lat' dir='ltr'>huiusmodi,</span> <span class='ocrx_word' id='word_1_160' title='bbox 739 1601 777 1624; x_wconf 90' lang='lat' dir='ltr'>ne</span> <span class='ocrx_word' id='word_1_161' title='bbox 794 1591 908 1624; x_wconf 76' lang='lat' dir='ltr'>ceteris</span> <span class='ocrx_word' id='word_1_162' title='bbox 925 1592 998 1624; x_wconf 88' lang='lat' dir='ltr'>item</span> <span class='ocrx_word' id='word_1_163' title='bbox 1018 1597 1134 1636; x_wconf 85' lang='lat' dir='ltr'>pateat,</span> 
     </span>
     <span class='ocr_line' id='line_1_40' title="bbox 383 1641 1133 1685; baseline 0.009 -13"><span class='ocrx_word' id='word_1_164' title='bbox 383 1641 552 1683; x_wconf 71' lang='lat' dir='ltr'>diligenter</span> <span class='ocrx_word' id='word_1_165' title='bbox 577 1643 815 1677; x_wconf 85' lang='lat' dir='ltr'>occludendum</span> <span class='ocrx_word' id='word_1_166' title='bbox 848 1655 915 1677; x_wconf 86' lang='lat' dir='ltr'>esse</span> <span class='ocrx_word' id='word_1_167' title='bbox 950 1652 1133 1685; x_wconf 79' lang='lat' dir='ltr'>censentes,</span> 
     </span>
     <span class='ocr_line' id='line_1_41' title="bbox 384 1694 1136 1732; baseline 0.005 -6"><span class='ocrx_word' id='word_1_168' title='bbox 384 1694 490 1727; x_wconf 82' lang='lat' dir='ltr'>habita</span> <span class='ocrx_word' id='word_1_169' title='bbox 511 1696 605 1728; x_wconf 86' lang='lat' dir='ltr'>etiam</span> <span class='ocrx_word' id='word_1_170' title='bbox 633 1708 708 1729; x_wconf 83' lang='lat' dir='ltr'>cunt</span> <span class='ocrx_word' id='word_1_171' title='bbox 728 1698 964 1730; x_wconf 74' lang='lat' dir='ltr'>venerabilibus</span> <span class='ocrx_word' id='word_1_172' title='bbox 986 1700 1136 1732; x_wconf 81' lang='lat' dir='ltr'>fratribus</span> 
     </span>
     <span class='ocr_line' id='line_1_42' title="bbox 382 1748 1135 1785; baseline 0.008 -6"><span class='ocrx_word' id='word_1_173' title='bbox 382 1748 498 1780; x_wconf 82' lang='lat' dir='ltr'>nostris</span> <span class='ocrx_word' id='word_1_174' title='bbox 524 1755 651 1781; x_wconf 74' lang='lat' dir='ltr'>sanctae</span> <span class='ocrx_word' id='word_1_175' title='bbox 668 1750 829 1783; x_wconf 84' lang='lat' dir='ltr'>Romanae</span> <span class='ocrx_word' id='word_1_176' title='bbox 850 1751 1010 1785; x_wconf 70' lang='lat' dir='ltr'>Ecclesiae</span> <span class='ocrx_word' id='word_1_177' title='bbox 1032 1753 1135 1785; x_wconf 78' lang='lat' dir='ltr'>cardi-</span> 
     </span>
     <span class='ocr_line' id='line_1_43' title="bbox 382 1801 1135 1846; baseline 0.007 -13"><span class='ocrx_word' id='word_1_178' title='bbox 382 1801 522 1841; x_wconf 83' lang='lat' dir='ltr'>nalibus,</span> <span class='ocrx_word' id='word_1_179' title='bbox 537 1802 567 1834; x_wconf 85' lang='lat' dir='ltr'>in</span> <span class='ocrx_word' id='word_1_180' title='bbox 586 1803 776 1835; x_wconf 76' lang='lat' dir='ltr'>consistorio</span> <span class='ocrx_word' id='word_1_181' title='bbox 794 1810 902 1837; x_wconf 83' lang='lat' dir='ltr'>nostro</span> <span class='ocrx_word' id='word_1_182' title='bbox 919 1811 1056 1846; x_wconf 69' lang='lat' dir='ltr'>secreto,</span> <span class='ocrx_word' id='word_1_183' title='bbox 1072 1817 1135 1838; x_wconf 89' lang='lat' dir='ltr'>ma-</span> 
     </span>
     <span class='ocr_line' id='line_1_44' title="bbox 382 1856 1135 1899; baseline 0.008 -13"><span class='ocrx_word' id='word_1_184' title='bbox 382 1859 453 1887; x_wconf 89' lang='lat' dir='ltr'>tura</span> <span class='ocrx_word' id='word_1_185' title='bbox 479 1867 577 1899; x_wconf 78' lang='lat' dir='ltr'>super</span> <span class='ocrx_word' id='word_1_186' title='bbox 602 1856 662 1889; x_wconf 87' lang='lat' dir='ltr'>hoe</span> <span class='ocrx_word' id='word_1_187' title='bbox 685 1856 928 1898; x_wconf 66' lang='lat' dir='ltr'>deliberatione,</span> <span class='ocrx_word' id='word_1_188' title='bbox 956 1870 992 1891; x_wconf 80' lang='lat' dir='ltr'>ac</span> <span class='ocrx_word' id='word_1_189' title='bbox 1013 1860 1051 1892; x_wconf 85' lang='lat' dir='ltr'>de</span> <span class='ocrx_word' id='word_1_190' title='bbox 1068 1860 1135 1893; x_wconf 93' lang='lat' dir='ltr'>illo-</span> 
     </span>
     <span class='ocr_line' id='line_1_45' title="bbox 382 1909 1133 1953; baseline 0.005 -13"><span class='ocrx_word' id='word_1_191' title='bbox 382 1919 454 1940; x_wconf 92' lang='lat' dir='ltr'>rum</span> <span class='ocrx_word' id='word_1_192' title='bbox 493 1909 629 1942; x_wconf 89' lang='lat' dir='ltr'>consilio</span> <span class='ocrx_word' id='word_1_193' title='bbox 663 1916 691 1943; x_wconf 81' lang='lat' dir='ltr'>et</span> <span class='ocrx_word' id='word_1_194' title='bbox 715 1911 859 1943; x_wconf 86' lang='lat' dir='ltr'>unanimi</span> <span class='ocrx_word' id='word_1_195' title='bbox 895 1922 1038 1953; x_wconf 78' lang='lat' dir='ltr'>assensu,</span> <span class='ocrx_word' id='word_1_196' title='bbox 1074 1914 1133 1946; x_wconf 77' lang='lat' dir='ltr'>hac</span> 
     </span>
     <span class='ocr_line' id='line_1_46' title="bbox 381 1964 1131 2006; baseline 0.007 -12"><span class='ocrx_word' id='word_1_197' title='bbox 381 1968 540 2006; x_wconf 86' lang='lat' dir='ltr'>perpetuo</span> <span class='ocrx_word' id='word_1_198' title='bbox 561 1964 696 1997; x_wconf 83' lang='lat' dir='ltr'>valitura</span> <span class='ocrx_word' id='word_1_199' title='bbox 723 1965 904 2006; x_wconf 69' lang='lat' dir='ltr'>sanctione,</span> <span class='ocrx_word' id='word_1_200' title='bbox 929 1966 1085 2000; x_wconf 68' lang='lat' dir='ltr'>universis</span> <span class='ocrx_word' id='word_1_201' title='bbox 1105 1972 1131 1999; x_wconf 71' lang='lat' dir='ltr'>et</span> 
     </span>
     <span class='ocr_line' id='line_1_47' title="bbox 381 2016 1132 2061; baseline 0.007 -13"><span class='ocrx_word' id='word_1_202' title='bbox 381 2016 515 2059; x_wconf 70' lang='lat' dir='ltr'>singulis</span> <span class='ocrx_word' id='word_1_203' title='bbox 530 2019 648 2051; x_wconf 89' lang='lat' dir='ltr'>nostris</span> <span class='ocrx_word' id='word_1_204' title='bbox 663 2023 689 2051; x_wconf 91' lang='lat' dir='ltr'>et</span> <span class='ocrx_word' id='word_1_205' title='bbox 709 2019 898 2061; x_wconf 77' lang='lat' dir='ltr'>‹ptoruinvis</span> <span class='ocrx_word' id='word_1_206' title='bbox 914 2020 1132 2054; x_wconf 60' lang='lat' dir='ltr'>Ronmanorum</span> 
     </span>
     <span class='ocr_line' id='line_1_48' title="bbox 380 2071 1132 2108; baseline 0.007 -5"><span class='ocrx_word' id='word_1_207' title='bbox 380 2071 571 2104; x_wconf 80' lang='lat' dir='ltr'>Pontificum</span> <span class='ocrx_word' id='word_1_208' title='bbox 593 2083 818 2106; x_wconf 83' lang='lat' dir='ltr'>successorum</span> <span class='ocrx_word' id='word_1_209' title='bbox 840 2080 1024 2107; x_wconf 85' lang='lat' dir='ltr'>nostrorum</span> <span class='ocrx_word' id='word_1_210' title='bbox 1048 2087 1132 2108; x_wconf 88' lang='lat' dir='ltr'>nun-</span> 
     </span>
     <span class='ocr_line' id='line_1_49' title="bbox 380 2125 1132 2172; baseline 0.008 -15"><span class='ocrx_word' id='word_1_211' title='bbox 380 2125 448 2165; x_wconf 89' lang='lat' dir='ltr'>ciis,</span> <span class='ocrx_word' id='word_1_212' title='bbox 469 2126 665 2169; x_wconf 87' lang='lat' dir='ltr'>aliisque,ad</span> <span class='ocrx_word' id='word_1_213' title='bbox 687 2127 815 2170; x_wconf 80' lang='lat' dir='ltr'>quosvis</span> <span class='ocrx_word' id='word_1_214' title='bbox 835 2128 1057 2172; x_wconf 85' lang='lat' dir='ltr'>imperatores,</span> <span class='ocrx_word' id='word_1_215' title='bbox 1082 2140 1132 2162; x_wconf 89' lang='lat' dir='ltr'>re-</span> 
     </span>
    </p>
   </div>
   <div class='ocr_carea' id='block_1_8' title="bbox 1154 325 1163 2172">
    <p class='ocr_par' dir='ltr' id='par_1_10' title="bbox 1154 325 1163 2172">
     <span class='ocr_line' id='line_1_50' title="bbox 1154 325 1163 2172; baseline 0 0"><span class='ocrx_word' id='word_1_216' title='bbox 1154 325 1163 2172; x_wconf 95' lang='lat' dir='ltr'> </span> 
     </span>
    </p>
   </div>
   <div class='ocr_carea' id='block_1_9' title="bbox 378 2177 1153 2278">
    <p class='ocr_par' dir='ltr' id='par_1_11' title="bbox 378 2177 1153 2278">
     <span class='ocr_line' id='line_1_51' title="bbox 378 2177 1153 2222; baseline 0.005 -12"><span class='ocrx_word' id='word_1_217' title='bbox 378 2189 449 2221; x_wconf 70' lang='lat' dir='ltr'>geS,</span> <span class='ocrx_word' id='word_1_218' title='bbox 484 2179 621 2222; x_wconf 72' lang='lat' dir='ltr'>reginas,</span> <span class='ocrx_word' id='word_1_219' title='bbox 658 2180 757 2213; x_wconf 86' lang='lat' dir='ltr'>duces</span> <span class='ocrx_word' id='word_1_220' title='bbox 785 2186 812 2213; x_wconf 76' lang='lat' dir='ltr'>et</span> <span class='ocrx_word' id='word_1_221' title='bbox 840 2181 919 2214; x_wconf 86' lang='lat' dir='ltr'>alios</span> <span class='ocrx_word' id='word_1_222' title='bbox 953 2177 1153 2219; x_wconf 56' lang='lat' dir='ltr'>saecularess</span> 
     </span>
     <span class='ocr_line' id='line_1_52' title="bbox 380 2232 1153 2278; baseline 0.008 -15"><span class='ocrx_word' id='word_1_223' title='bbox 380 2232 541 2276; x_wconf 76' lang='lat' dir='ltr'>principes</span> <span class='ocrx_word' id='word_1_224' title='bbox 570 2244 629 2276; x_wconf 90' lang='lat' dir='ltr'>pro</span> <span class='ocrx_word' id='word_1_225' title='bbox 651 2239 807 2277; x_wconf 78' lang='lat' dir='ltr'>tempore,</span> <span class='ocrx_word' id='word_1_226' title='bbox 831 2246 866 2267; x_wconf 76' lang='lat' dir='ltr'>ex</span> <span class='ocrx_word' id='word_1_227' title='bbox 892 2235 1001 2278; x_wconf 79' lang='lat' dir='ltr'>quavis</span> <span class='ocrx_word' id='word_1_228' title='bbox 1023 2247 1130 2275; x_wconf 77' lang='lat' dir='ltr'>rausa,</span> <span class='ocrx_word' id='word_1_229' title='bbox 1151 2241 1153 2262; x_wconf 74' lang='grc' dir='ltr'><em>ἵ</em></span> 
     </span>
    </p>
   </div>
   <div class='ocr_carea' id='block_1_10' title="bbox 377 2286 1132 2685">
    <p class='ocr_par' dir='ltr' id='par_1_12' title="bbox 377 2286 1132 2685">
     <span class='ocr_line' id='line_1_53' title="bbox 379 2286 1131 2331; baseline 0.007 -14"><span class='ocrx_word' id='word_1_230' title='bbox 379 2286 495 2325; x_wconf 76' lang='lat' dir='ltr'>missis,</span> <span class='ocrx_word' id='word_1_231' title='bbox 518 2287 754 2330; x_wconf 81' lang='lat' dir='ltr'>cuiuscumque</span> <span class='ocrx_word' id='word_1_232' title='bbox 775 2293 888 2326; x_wconf 80' lang='lat' dir='ltr'>status,</span> <span class='ocrx_word' id='word_1_233' title='bbox 917 2289 1047 2331; x_wconf 69' lang='lat' dir='ltr'>gradus,</span> <span class='ocrx_word' id='word_1_234' title='bbox 1080 2301 1131 2322; x_wconf 87' lang='lat' dir='ltr'>or-</span> 
     </span>
     <span class='ocr_line' id='line_1_54' title="bbox 378 2339 1130 2383; baseline 0.004 -12"><span class='ocrx_word' id='word_1_235' title='bbox 378 2339 527 2371; x_wconf 74' lang='lat' dir='ltr'>dinisve]</span> <span class='ocrx_word' id='word_1_236' title='bbox 564 2341 825 2383; x_wconf 51' lang='lat' dir='ltr'>praeeminentiae</span> <span class='ocrx_word' id='word_1_237' title='bbox 859 2341 936 2381; x_wconf 78' lang='lat' dir='ltr'>sint,</span> <span class='ocrx_word' id='word_1_238' title='bbox 973 2343 1066 2374; x_wconf 85' lang='lat' dir='ltr'>ctiam</span> <span class='ocrx_word' id='word_1_239' title='bbox 1108 2343 1130 2375; x_wconf 89' lang='lat' dir='ltr'>si</span> 
     </span>
     <span class='ocr_line' id='line_1_55' title="bbox 378 2393 1131 2438; baseline 0.004 -13"><span class='ocrx_word' id='word_1_240' title='bbox 378 2393 565 2436; x_wconf 85' lang='lat' dir='ltr'>episcopali,</span> <span class='ocrx_word' id='word_1_241' title='bbox 599 2394 885 2438; x_wconf 75' lang='lat' dir='ltr'>archiepiscopali,</span> <span class='ocrx_word' id='word_1_242' title='bbox 926 2395 1131 2438; x_wconf 84' lang='lat' dir='ltr'>patriarchali</span> 
     </span>
     <span class='ocr_line' id='line_1_56' title="bbox 377 2443 1131 2487; baseline 0.009 -15"><span class='ocrx_word' id='word_1_243' title='bbox 377 2443 424 2474; x_wconf 83' lang='lat' dir='ltr'>vel</span> <span class='ocrx_word' id='word_1_244' title='bbox 446 2443 507 2475; x_wconf 86' lang='lat' dir='ltr'>alia</span> <span class='ocrx_word' id='word_1_245' title='bbox 529 2443 643 2476; x_wconf 86' lang='lat' dir='ltr'>maiori</span> <span class='ocrx_word' id='word_1_246' title='bbox 665 2444 884 2487; x_wconf 68' lang='lat' dir='ltr'>praefulgeant</span> <span class='ocrx_word' id='word_1_247' title='bbox 907 2445 1077 2487; x_wconf 70' lang='lat' dir='ltr'>dignitate,</span> <span class='ocrx_word' id='word_1_248' title='bbox 1101 2447 1131 2479; x_wconf 91' lang='lat' dir='ltr'>in</span> 
     </span>
     <span class='ocr_line' id='line_1_57' title="bbox 377 2492 1132 2533; baseline 0.007 -10"><span class='ocrx_word' id='word_1_249' title='bbox 377 2492 492 2524; x_wconf 88' lang='lat' dir='ltr'>virtute</span> <span class='ocrx_word' id='word_1_250' title='bbox 513 2498 640 2525; x_wconf 82' lang='lat' dir='ltr'>sanctae.</span> <span class='ocrx_word' id='word_1_251' title='bbox 657 2493 858 2533; x_wconf 67' lang='lat' dir='ltr'>obedientite,</span> <span class='ocrx_word' id='word_1_252' title='bbox 880 2499 909 2526; x_wconf 88' lang='lat' dir='ltr'>et</span> <span class='ocrx_word' id='word_1_253' title='bbox 926 2494 984 2527; x_wconf 79' lang='lat' dir='ltr'>sul)</span> <span class='ocrx_word' id='word_1_254' title='bbox 1002 2495 1132 2528; x_wconf 85' lang='lat' dir='ltr'>maioris</span> 
     </span>
     <span class='ocr_line' id='line_1_58' title="bbox 378 2541 1131 2581; baseline 0.004 -7"><span class='ocrx_word' id='word_1_255' title='bbox 378 2541 723 2574; x_wconf 73' lang='lat' dir='ltr'>excommunicationis</span> <span class='ocrx_word' id='word_1_256' title='bbox 751 2543 832 2575; x_wconf 88' lang='lat' dir='ltr'>latae</span> <span class='ocrx_word' id='word_1_257' title='bbox 868 2543 1066 2581; x_wconf 78' lang='lat' dir='ltr'>sentcntiae,</span> <span class='ocrx_word' id='word_1_258' title='bbox 1096 2556 1131 2577; x_wconf 86' lang='lat' dir='ltr'>ac</span> 
     </span>
     <span class='ocr_line' id='line_1_59' title="bbox 377 2590 1130 2634; baseline 0.004 -12"><span class='ocrx_word' id='word_1_259' title='bbox 377 2590 562 2634; x_wconf 76' lang='lat' dir='ltr'>privationis</span> <span class='ocrx_word' id='word_1_260' title='bbox 604 2592 749 2624; x_wconf 82' lang='lat' dir='ltr'>omnium</span> <span class='ocrx_word' id='word_1_261' title='bbox 779 2597 805 2624; x_wconf 91' lang='lat' dir='ltr'>et</span> <span class='ocrx_word' id='word_1_262' title='bbox 838 2592 1039 2634; x_wconf 75' lang='lat' dir='ltr'>singulorum</span> <span class='ocrx_word' id='word_1_263' title='bbox 1079 2605 1130 2626; x_wconf 80' lang='lat' dir='ltr'>ca-</span> 
     </span>
     <span class='ocr_line' id='line_1_60' title="bbox 380 2639 1129 2685; baseline 0.004 -13"><span class='ocrx_word' id='word_1_264' title='bbox 380 2639 592 2681; x_wconf 82' lang='lat' dir='ltr'>thedralium,</span> <span class='ocrx_word' id='word_1_265' title='bbox 620 2640 714 2673; x_wconf 84' lang='lat' dir='ltr'>etiam</span> <span class='ocrx_word' id='word_1_266' title='bbox 745 2641 1080 2685; x_wconf 86' lang='lat' dir='ltr'>metropolitanarum,</span> <span class='ocrx_word' id='word_1_267' title='bbox 1103 2648 1129 2675; x_wconf 91' lang='lat' dir='ltr'>et</span> 
     </span>
    </p>
   </div>
   <div class='ocr_carea' id='block_1_11' title="bbox 984 260 1338 287">
    <p class='ocr_par' dir='ltr' id='par_1_13' title="bbox 984 260 1338 287">
     <span class='ocr_line' id='line_1_61' title="bbox 984 260 1338 287; baseline 0.003 -2"><span class='ocrx_word' id='word_1_268' title='bbox 984 261 1165 286; x_wconf 76' lang='lat' dir='ltr'><strong>BULLARIUM</strong></span> <span class='ocrx_word' id='word_1_269' title='bbox 1188 260 1338 287; x_wconf 66' lang='lat' dir='ltr'><strong>ROMANUM</strong></span> 
     </span>
    </p>
   </div>
   <div class='ocr_carea' id='block_1_12' title="bbox 1176 314 1937 2120">
    <p class='ocr_par' dir='ltr' id='par_1_14' title="bbox 1176 314 1937 2120">
     <span class='ocr_line' id='line_1_62' title="bbox 1184 314 1933 355; baseline 0.007 -9"><span class='ocrx_word' id='word_1_270' title='bbox 1184 314 1321 347; x_wconf 87' lang='lat' dir='ltr'>aliarum</span> <span class='ocrx_word' id='word_1_271' title='bbox 1342 315 1565 355; x_wconf 82' lang='lat' dir='ltr'>ecelesiarum,</span> <span class='ocrx_word' id='word_1_272' title='bbox 1592 327 1628 349; x_wconf 86' lang='lat' dir='ltr'>ac</span> <span class='ocrx_word' id='word_1_273' title='bbox 1649 317 1933 351; x_wconf 69' lang='lat' dir='ltr'>monasteriorum,</span> 
     </span>
     <span class='ocr_line' id='line_1_63' title="bbox 1183 366 1935 408; baseline 0.005 -10"><span class='ocrx_word' id='word_1_274' title='bbox 1183 366 1278 399; x_wconf 82' lang='lat' dir='ltr'>ctiam</span> <span class='ocrx_word' id='word_1_275' title='bbox 1315 367 1602 408; x_wconf 88' lang='lat' dir='ltr'>consistorialium,</span> <span class='ocrx_word' id='word_1_276' title='bbox 1637 379 1764 402; x_wconf 83' lang='lat' dir='ltr'>necnon</span> <span class='ocrx_word' id='word_1_277' title='bbox 1799 370 1935 402; x_wconf 84' lang='lat' dir='ltr'>aliarum</span> 
     </span>
     <span class='ocr_line' id='line_1_64' title="bbox 1183 419 1935 467; baseline 0.005 -16"><span class='ocrx_word' id='word_1_278' title='bbox 1183 419 1387 462; x_wconf 68' lang='lat' dir='ltr'>dignitatum,</span> <span class='ocrx_word' id='word_1_279' title='bbox 1420 420 1514 453; x_wconf 84' lang='lat' dir='ltr'>etiam</span> <span class='ocrx_word' id='word_1_280' title='bbox 1545 421 1702 454; x_wconf 88' lang='lat' dir='ltr'>maiorum</span> <span class='ocrx_word' id='word_1_281' title='bbox 1725 428 1751 455; x_wconf 87' lang='lat' dir='ltr'>ct</span> <span class='ocrx_word' id='word_1_282' title='bbox 1770 423 1935 467; x_wconf 88' lang='lat' dir='ltr'>principa-</span> 
     </span>
     <span class='ocr_line' id='line_1_65' title="bbox 1183 473 1933 516; baseline 0.005 -11"><span class='ocrx_word' id='word_1_283' title='bbox 1183 473 1274 513; x_wconf 86' lang='lat' dir='ltr'>lium,</span> <span class='ocrx_word' id='word_1_284' title='bbox 1295 480 1540 516; x_wconf 80' lang='lat' dir='ltr'>personatuum,</span> <span class='ocrx_word' id='word_1_285' title='bbox 1567 475 1881 509; x_wconf 84' lang='lat' dir='ltr'>administrationum</span> <span class='ocrx_word' id='word_1_286' title='bbox 1907 483 1933 509; x_wconf 82' lang='lat' dir='ltr'>et</span> 
     </span>
     <span class='ocr_line' id='line_1_66' title="bbox 1183 525 1935 573; baseline 0.005 -15"><span class='ocrx_word' id='word_1_287' title='bbox 1183 525 1387 566; x_wconf 75' lang='lat' dir='ltr'>officiorum,</span> <span class='ocrx_word' id='word_1_288' title='bbox 1424 538 1459 560; x_wconf 86' lang='lat' dir='ltr'>ac</span> <span class='ocrx_word' id='word_1_289' title='bbox 1495 528 1746 561; x_wconf 78' lang='lat' dir='ltr'>canonicatuum</span> <span class='ocrx_word' id='word_1_290' title='bbox 1781 535 1807 561; x_wconf 88' lang='lat' dir='ltr'>et</span> <span class='ocrx_word' id='word_1_291' title='bbox 1842 540 1935 573; x_wconf 87' lang='lat' dir='ltr'>prac—</span> 
     </span>
     <span class='ocr_line' id='line_1_67' title="bbox 1183 579 1934 624; baseline 0.007 -14"><span class='ocrx_word' id='word_1_292' title='bbox 1183 579 1375 619; x_wconf 81' lang='lat' dir='ltr'>bendarum,</span> <span class='ocrx_word' id='word_1_293' title='bbox 1413 586 1664 624; x_wconf 82' lang='lat' dir='ltr'>ceterorumque</span> <span class='ocrx_word' id='word_1_294' title='bbox 1702 581 1934 615; x_wconf 83' lang='lat' dir='ltr'>beneficiorum</span> 
     </span>
     <span class='ocr_line' id='line_1_68' title="bbox 1182 632 1933 675; baseline 0.007 -12"><span class='ocrx_word' id='word_1_295' title='bbox 1182 632 1487 674; x_wconf 57' lang='lat' dir='ltr'>t»celesiastiem‘um,</span> <span class='ocrx_word' id='word_1_296' title='bbox 1512 645 1585 666; x_wconf 85' lang='lat' dir='ltr'>cuin</span> <span class='ocrx_word' id='word_1_297' title='bbox 1604 646 1680 667; x_wconf 87' lang='lat' dir='ltr'>cura</span> <span class='ocrx_word' id='word_1_298' title='bbox 1707 639 1737 666; x_wconf 83' lang='lat' dir='ltr'>ct</span> <span class='ocrx_word' id='word_1_299' title='bbox 1757 634 1823 667; x_wconf 88' lang='lat' dir='ltr'>sine</span> <span class='ocrx_word' id='word_1_300' title='bbox 1844 646 1933 675; x_wconf 85' lang='lat' dir='ltr'>cura,</span> 
     </span>
     <span class='ocr_line' id='line_1_69' title="bbox 1182 686 1937 731; baseline 0.005 -14"><span class='ocrx_word' id='word_1_301' title='bbox 1182 686 1396 718; x_wconf 84' lang='lat' dir='ltr'>saecularium</span> <span class='ocrx_word' id='word_1_302' title='bbox 1416 694 1443 720; x_wconf 85' lang='lat' dir='ltr'>et</span> <span class='ocrx_word' id='word_1_303' title='bbox 1463 688 1652 731; x_wconf 75' lang='lat' dir='ltr'>quorumvis</span> <span class='ocrx_word' id='word_1_304' title='bbox 1667 687 1824 721; x_wconf 89' lang='lat' dir='ltr'>Ordinum</span> <span class='ocrx_word' id='word_1_305' title='bbox 1844 699 1937 731; x_wconf 79' lang='lat' dir='ltr'>regu-</span> 
     </span>
     <span class='ocr_line' id='line_1_70' title="bbox 1182 738 1935 783; baseline 0.005 -13"><span class='ocrx_word' id='word_1_306' title='bbox 1182 738 1311 779; x_wconf 85' lang='lat' dir='ltr'>larium,</span> <span class='ocrx_word' id='word_1_307' title='bbox 1345 740 1440 772; x_wconf 85' lang='lat' dir='ltr'>etiam</span> <span class='ocrx_word' id='word_1_308' title='bbox 1471 752 1506 773; x_wconf 76' lang='lat' dir='ltr'>ex</span> <span class='ocrx_word' id='word_1_309' title='bbox 1528 740 1692 783; x_wconf 75' lang='lat' dir='ltr'>quibusvis</span> <span class='ocrx_word' id='word_1_310' title='bbox 1718 741 1935 774; x_wconf 84' lang='lat' dir='ltr'>concessioni-</span> 
     </span>
     <span class='ocr_line' id='line_1_71' title="bbox 1181 791 1935 838; baseline 0.005 -15"><span class='ocrx_word' id='word_1_311' title='bbox 1181 791 1241 823; x_wconf 85' lang='lat' dir='ltr'>bus</span> <span class='ocrx_word' id='word_1_312' title='bbox 1275 797 1303 824; x_wconf 90' lang='lat' dir='ltr'>et</span> <span class='ocrx_word' id='word_1_313' title='bbox 1338 793 1632 836; x_wconf 73' lang='lat' dir='ltr'>dispensationibus</span> <span class='ocrx_word' id='word_1_314' title='bbox 1665 793 1866 838; x_wconf 76' lang='lat' dir='ltr'>apostolicis,</span> <span class='ocrx_word' id='word_1_315' title='bbox 1904 795 1935 827; x_wconf 88' lang='lat' dir='ltr'>in</span> 
     </span>
     <span class='ocr_line' id='line_1_72' title="bbox 1183 845 1936 883; baseline 0.005 -7"><span class='ocrx_word' id='word_1_316' title='bbox 1183 845 1324 883; x_wconf 89' lang='lat' dir='ltr'>titulum,</span> <span class='ocrx_word' id='word_1_317' title='bbox 1357 848 1594 882; x_wconf 81' lang='lat' dir='ltr'>commendam,</span> <span class='ocrx_word' id='word_1_318' title='bbox 1624 847 1936 881; x_wconf 85' lang='lat' dir='ltr'>administrationem</span> 
     </span>
     <span class='ocr_line' id='line_1_73' title="bbox 1181 898 1935 942; baseline 0.008 -13"><span class='ocrx_word' id='word_1_319' title='bbox 1181 903 1212 930; x_wconf 86' lang='lat' dir='ltr'>et</span> <span class='ocrx_word' id='word_1_320' title='bbox 1232 898 1310 930; x_wconf 81' lang='lat' dir='ltr'>alias</span> <span class='ocrx_word' id='word_1_321' title='bbox 1330 900 1586 942; x_wconf 69' lang='lat' dir='ltr'>qittjtinodolilJet,</span> <span class='ocrx_word' id='word_1_322' title='bbox 1609 912 1645 933; x_wconf 89' lang='lat' dir='ltr'>ac</span> <span class='ocrx_word' id='word_1_323' title='bbox 1662 900 1756 933; x_wconf 86' lang='lat' dir='ltr'>etiam</span> <span class='ocrx_word' id='word_1_324' title='bbox 1773 901 1935 935; x_wconf 74' lang='lat' dir='ltr'>Romanae</span> 
     </span>
     <span class='ocr_line' id='line_1_74' title="bbox 1181 950 1934 994; baseline 0.005 -11"><span class='ocrx_word' id='word_1_325' title='bbox 1181 950 1295 983; x_wconf 85' lang='lat' dir='ltr'>Curiae</span> <span class='ocrx_word' id='word_1_326' title='bbox 1317 957 1346 984; x_wconf 89' lang='lat' dir='ltr'>et</span> <span class='ocrx_word' id='word_1_327' title='bbox 1366 953 1623 990; x_wconf 53' lang='lat' dir='ltr'>aliorunimtiam</span> <span class='ocrx_word' id='word_1_328' title='bbox 1638 953 1866 994; x_wconf 86' lang='lat' dir='ltr'>saecularium,</span> <span class='ocrx_word' id='word_1_329' title='bbox 1883 965 1934 987; x_wconf 89' lang='lat' dir='ltr'>cu-</span> 
     </span>
     <span class='ocr_line' id='line_1_75' title="bbox 1182 1004 1933 1050; baseline 0.005 -15"><span class='ocrx_word' id='word_1_330' title='bbox 1182 1004 1374 1047; x_wconf 76' lang='lat' dir='ltr'>iuscumque</span> <span class='ocrx_word' id='word_1_331' title='bbox 1391 1007 1565 1049; x_wconf 80' lang='lat' dir='ltr'>qualitatis,</span> <span class='ocrx_word' id='word_1_332' title='bbox 1586 1007 1681 1039; x_wconf 90' lang='lat' dir='ltr'>etiam</span> <span class='ocrx_word' id='word_1_333' title='bbox 1692 1017 1774 1050; x_wconf 86' lang='lat' dir='ltr'>quae</span> <span class='ocrx_word' id='word_1_334' title='bbox 1790 1018 1826 1039; x_wconf 84' lang='lat' dir='ltr'>ex</span> <span class='ocrx_word' id='word_1_335' title='bbox 1839 1018 1933 1041; x_wconf 85' lang='lat' dir='ltr'>causa</span> 
     </span>
     <span class='ocr_line' id='line_1_76' title="bbox 1181 1059 1936 1104; baseline 0.005 -15"><span class='ocrx_word' id='word_1_336' title='bbox 1181 1067 1317 1090; x_wconf 81' lang='lat' dir='ltr'>onerosa</span> <span class='ocrx_word' id='word_1_337' title='bbox 1338 1060 1476 1092; x_wconf 81' lang='lat' dir='ltr'>assecuti</span> <span class='ocrx_word' id='word_1_338' title='bbox 1503 1060 1640 1099; x_wconf 78' lang='lat' dir='ltr'>suerint,</span> <span class='ocrx_word' id='word_1_339' title='bbox 1673 1059 1855 1092; x_wconf 76' lang='lat' dir='ltr'>ciliciorum</span> <span class='ocrx_word' id='word_1_340' title='bbox 1878 1072 1936 1104; x_wconf 84' lang='lat' dir='ltr'>per</span> 
     </span>
     <span class='ocr_line' id='line_1_77' title="bbox 1182 1111 1932 1152; baseline 0.004 -9"><span class='ocrx_word' id='word_1_341' title='bbox 1182 1120 1235 1144; x_wconf 77' lang='lat' dir='ltr'>cos</span> <span class='ocrx_word' id='word_1_342' title='bbox 1255 1111 1474 1152; x_wconf 82' lang='lat' dir='ltr'>obtentorum,</span> <span class='ocrx_word' id='word_1_343' title='bbox 1497 1124 1534 1146; x_wconf 89' lang='lat' dir='ltr'>ae</span> <span class='ocrx_word' id='word_1_344' title='bbox 1554 1112 1762 1145; x_wconf 76' lang='lat' dir='ltr'>inhabilitatis</span> <span class='ocrx_word' id='word_1_345' title='bbox 1782 1113 1820 1145; x_wconf 89' lang='lat' dir='ltr'>ad</span> <span class='ocrx_word' id='word_1_346' title='bbox 1836 1113 1890 1146; x_wconf 91' lang='lat' dir='ltr'>illa</span> <span class='ocrx_word' id='word_1_347' title='bbox 1906 1119 1932 1146; x_wconf 90' lang='lat' dir='ltr'>et</span> 
     </span>
     <span class='ocr_line' id='line_1_78' title="bbox 1181 1163 1932 1209; baseline 0.007 -15"><span class='ocrx_word' id='word_1_348' title='bbox 1181 1163 1241 1195; x_wconf 90' lang='lat' dir='ltr'>alia</span> <span class='ocrx_word' id='word_1_349' title='bbox 1281 1164 1396 1197; x_wconf 75' lang='lat' dir='ltr'>similia</span> <span class='ocrx_word' id='word_1_350' title='bbox 1426 1166 1472 1197; x_wconf 76' lang='lat' dir='ltr'>vel</span> <span class='ocrx_word' id='word_1_351' title='bbox 1505 1165 1671 1198; x_wconf 83' lang='lat' dir='ltr'>dissimilia</span> <span class='ocrx_word' id='word_1_352' title='bbox 1702 1166 1732 1199; x_wconf 87' lang='lat' dir='ltr'>in</span> <span class='ocrx_word' id='word_1_353' title='bbox 1769 1171 1932 1209; x_wconf 82' lang='lat' dir='ltr'>posterum</span> 
     </span>
     <span class='ocr_line' id='line_1_79' title="bbox 1181 1216 1935 1263; baseline 0.007 -16"><span class='ocrx_word' id='word_1_354' title='bbox 1181 1216 1366 1256; x_wconf 84' lang='lat' dir='ltr'>obtinenda,</span> <span class='ocrx_word' id='word_1_355' title='bbox 1385 1228 1512 1251; x_wconf 78' lang='lat' dir='ltr'>necnon</span> <span class='ocrx_word' id='word_1_356' title='bbox 1527 1219 1674 1252; x_wconf 80' lang='lat' dir='ltr'>infamiae</span> <span class='ocrx_word' id='word_1_357' title='bbox 1686 1224 1862 1263; x_wconf 79' lang='lat' dir='ltr'>perpetuae</span> <span class='ocrx_word' id='word_1_358' title='bbox 1878 1231 1935 1263; x_wconf 86' lang='lat' dir='ltr'>per</span> 
     </span>
     <span class='ocr_line' id='line_1_80' title="bbox 1182 1270 1934 1316; baseline 0.007 -15"><span class='ocrx_word' id='word_1_359' title='bbox 1182 1270 1449 1304; x_wconf 78' lang='lat' dir='ltr'>contratacientes</span> <span class='ocrx_word' id='word_1_360' title='bbox 1470 1283 1507 1305; x_wconf 93' lang='lat' dir='ltr'>eo</span> <span class='ocrx_word' id='word_1_361' title='bbox 1533 1272 1601 1316; x_wconf 86' lang='lat' dir='ltr'>ipso</span> <span class='ocrx_word' id='word_1_362' title='bbox 1632 1272 1835 1305; x_wconf 79' lang='lat' dir='ltr'>incurrendis</span> <span class='ocrx_word' id='word_1_363' title='bbox 1860 1283 1934 1316; x_wconf 88' lang='lat' dir='ltr'>poe-</span> 
     </span>
     <span class='ocr_line' id='line_1_81' title="bbox 1181 1321 1934 1368; baseline 0.008 -16"><span class='ocrx_word' id='word_1_364' title='bbox 1181 1321 1248 1362; x_wconf 91' lang='lat' dir='ltr'>nis,</span> <span class='ocrx_word' id='word_1_365' title='bbox 1275 1324 1465 1357; x_wconf 85' lang='lat' dir='ltr'>auctoritate</span> <span class='ocrx_word' id='word_1_366' title='bbox 1492 1325 1681 1368; x_wconf 84' lang='lat' dir='ltr'>apostolica,</span> <span class='ocrx_word' id='word_1_367' title='bbox 1710 1325 1827 1358; x_wconf 89' lang='lat' dir='ltr'>harum</span> <span class='ocrx_word' id='word_1_368' title='bbox 1853 1326 1934 1359; x_wconf 85' lang='lat' dir='ltr'>serie</span> 
     </span>
     <span class='ocr_line' id='line_1_82' title="bbox 1180 1374 1934 1422; baseline 0.007 -16"><span class='ocrx_word' id='word_1_369' title='bbox 1180 1374 1354 1408; x_wconf 85' lang='lat' dir='ltr'>districtius</span> <span class='ocrx_word' id='word_1_370' title='bbox 1371 1376 1555 1411; x_wconf 80' lang='lat' dir='ltr'>inhibemus</span> <span class='ocrx_word' id='word_1_371' title='bbox 1578 1390 1617 1411; x_wconf 87' lang='lat' dir='ltr'>ne</span> <span class='ocrx_word' id='word_1_372' title='bbox 1643 1379 1795 1422; x_wconf 83' lang='lat' dir='ltr'>deinceps</span> <span class='ocrx_word' id='word_1_373' title='bbox 1815 1379 1934 1412; x_wconf 84' lang='lat' dir='ltr'>similes</span> 
     </span>
     <span class='ocr_line' id='line_1_83' title="bbox 1180 1427 1933 1474; baseline 0.009 -16"><span class='ocrx_word' id='word_1_374' title='bbox 1180 1427 1425 1471; x_wconf 86' lang='lat' dir='ltr'>imporatorum,</span> <span class='ocrx_word' id='word_1_375' title='bbox 1450 1442 1572 1473; x_wconf 75' lang='lat' dir='ltr'>regum,</span> <span class='ocrx_word' id='word_1_376' title='bbox 1594 1432 1792 1474; x_wconf 73' lang='lat' dir='ltr'>reginarum,</span> <span class='ocrx_word' id='word_1_377' title='bbox 1813 1432 1933 1465; x_wconf 86' lang='lat' dir='ltr'>ducum</span> 
     </span>
     <span class='ocr_line' id='line_1_84' title="bbox 1179 1480 1934 1528; baseline 0.008 -16"><span class='ocrx_word' id='word_1_378' title='bbox 1179 1485 1233 1513; x_wconf 88' lang='lat' dir='ltr'>aut</span> <span class='ocrx_word' id='word_1_379' title='bbox 1253 1480 1390 1514; x_wconf 86' lang='lat' dir='ltr'>aliorum</span> <span class='ocrx_word' id='word_1_380' title='bbox 1412 1484 1596 1528; x_wconf 87' lang='lat' dir='ltr'>principum</span> <span class='ocrx_word' id='word_1_381' title='bbox 1615 1484 1828 1517; x_wconf 87' lang='lat' dir='ltr'>saecularium</span> <span class='ocrx_word' id='word_1_382' title='bbox 1847 1496 1934 1518; x_wconf 87' lang='lat' dir='ltr'>corn-</span> 
     </span>
     <span class='ocr_line' id='line_1_85' title="bbox 1180 1534 1931 1580; baseline 0.011 -16"><span class='ocrx_word' id='word_1_383' title='bbox 1180 1534 1412 1577; x_wconf 80' lang='lat' dir='ltr'>mendationcs,</span> <span class='ocrx_word' id='word_1_384' title='bbox 1438 1548 1549 1580; x_wconf 85' lang='lat' dir='ltr'>preces</span> <span class='ocrx_word' id='word_1_385' title='bbox 1570 1543 1625 1570; x_wconf 88' lang='lat' dir='ltr'>aut</span> <span class='ocrx_word' id='word_1_386' title='bbox 1644 1538 1735 1577; x_wconf 89' lang='lat' dir='ltr'>alios,</span> <span class='ocrx_word' id='word_1_387' title='bbox 1758 1537 1853 1571; x_wconf 85' lang='lat' dir='ltr'>ctiam</span> <span class='ocrx_word' id='word_1_388' title='bbox 1878 1549 1931 1572; x_wconf 90' lang='lat' dir='ltr'>vo-</span> 
     </span>
     <span class='ocr_line' id='line_1_86' title="bbox 1179 1587 1932 1635; baseline 0.008 -16"><span class='ocrx_word' id='word_1_389' title='bbox 1179 1587 1264 1619; x_wconf 83' lang='lat' dir='ltr'>cales</span> <span class='ocrx_word' id='word_1_390' title='bbox 1302 1594 1352 1620; x_wconf 88' lang='lat' dir='ltr'>aut</span> <span class='ocrx_word' id='word_1_391' title='bbox 1378 1589 1408 1621; x_wconf 91' lang='lat' dir='ltr'>in</span> <span class='ocrx_word' id='word_1_392' title='bbox 1435 1591 1571 1634; x_wconf 81' lang='lat' dir='ltr'>scriptis,</span> <span class='ocrx_word' id='word_1_393' title='bbox 1600 1593 1721 1624; x_wconf 75' lang='lat' dir='ltr'>favores</span> <span class='ocrx_word' id='word_1_394' title='bbox 1749 1592 1787 1624; x_wconf 88' lang='lat' dir='ltr'>ad</span> <span class='ocrx_word' id='word_1_395' title='bbox 1808 1592 1932 1635; x_wconf 82' lang='lat' dir='ltr'>aliquas</span> 
     </span>
     <span class='ocr_line' id='line_1_87' title="bbox 1180 1640 1932 1687; baseline 0.009 -16"><span class='ocrx_word' id='word_1_396' title='bbox 1180 1640 1360 1682; x_wconf 79' lang='lat' dir='ltr'>pontificias</span> <span class='ocrx_word' id='word_1_397' title='bbox 1379 1649 1432 1675; x_wconf 88' lang='lat' dir='ltr'>aut</span> <span class='ocrx_word' id='word_1_398' title='bbox 1449 1643 1527 1677; x_wconf 86' lang='lat' dir='ltr'>alias</span> <span class='ocrx_word' id='word_1_399' title='bbox 1547 1644 1727 1687; x_wconf 77' lang='lat' dir='ltr'>dignitates,</span> <span class='ocrx_word' id='word_1_400' title='bbox 1751 1646 1932 1679; x_wconf 80' lang='lat' dir='ltr'>saeculares</span> 
     </span>
     <span class='ocr_line' id='line_1_88' title="bbox 1179 1693 1930 1735; baseline 0.008 -11"><span class='ocrx_word' id='word_1_401' title='bbox 1179 1693 1224 1725; x_wconf 73' lang='lat' dir='ltr'>vel</span> <span class='ocrx_word' id='word_1_402' title='bbox 1246 1695 1426 1735; x_wconf 75' lang='lat' dir='ltr'>regulares,</span> <span class='ocrx_word' id='word_1_403' title='bbox 1457 1703 1509 1729; x_wconf 87' lang='lat' dir='ltr'>aut</span> <span class='ocrx_word' id='word_1_404' title='bbox 1532 1696 1627 1729; x_wconf 84' lang='lat' dir='ltr'>etiam</span> <span class='ocrx_word' id='word_1_405' title='bbox 1649 1697 1865 1731; x_wconf 68' lang='lat' dir='ltr'>cardinalatus</span> <span class='ocrx_word' id='word_1_406' title='bbox 1884 1700 1930 1731; x_wconf 82' lang='lat' dir='ltr'>vel</span> 
     </span>
     <span class='ocr_line' id='line_1_89' title="bbox 1178 1745 1931 1785; baseline 0.009 -8"><span class='ocrx_word' id='word_1_407' title='bbox 1178 1745 1257 1778; x_wconf 86' lang='lat' dir='ltr'>alios</span> <span class='ocrx_word' id='word_1_408' title='bbox 1276 1747 1417 1781; x_wconf 85' lang='lat' dir='ltr'>honores</span> <span class='ocrx_word' id='word_1_409' title='bbox 1437 1756 1463 1782; x_wconf 84' lang='lat' dir='ltr'>et</span> <span class='ocrx_word' id='word_1_410' title='bbox 1496 1751 1599 1783; x_wconf 79' lang='lat' dir='ltr'>otlieia</span> <span class='ocrx_word' id='word_1_411' title='bbox 1621 1751 1835 1784; x_wconf 75' lang='lat' dir='ltr'>ecclesiastiea</span> <span class='ocrx_word' id='word_1_412' title='bbox 1857 1763 1931 1785; x_wconf 71' lang='lat' dir='ltr'>‹zon-</span> 
     </span>
     <span class='ocr_line' id='line_1_90' title="bbox 1178 1800 1932 1849; baseline 0.011 -18"><span class='ocrx_word' id='word_1_413' title='bbox 1178 1800 1392 1842; x_wconf 81' lang='lat' dir='ltr'>sequendttm,</span> <span class='ocrx_word' id='word_1_414' title='bbox 1419 1810 1468 1835; x_wconf 89' lang='lat' dir='ltr'>aut</span> <span class='ocrx_word' id='word_1_415' title='bbox 1493 1804 1551 1836; x_wconf 83' lang='lat' dir='ltr'>sibi</span> <span class='ocrx_word' id='word_1_416' title='bbox 1575 1805 1622 1837; x_wconf 81' lang='lat' dir='ltr'>vel</span> <span class='ocrx_word' id='word_1_417' title='bbox 1643 1805 1714 1837; x_wconf 77' lang='lat' dir='ltr'>aliis</span> <span class='ocrx_word' id='word_1_418' title='bbox 1738 1807 1932 1849; x_wconf 73' lang='lat' dir='ltr'>consangui-</span> 
     </span>
     <span class='ocr_line' id='line_1_91' title="bbox 1178 1852 1933 1903; baseline 0.012 -19"><span class='ocrx_word' id='word_1_419' title='bbox 1178 1852 1246 1885; x_wconf 86' lang='lat' dir='ltr'>neis</span> <span class='ocrx_word' id='word_1_420' title='bbox 1271 1859 1297 1886; x_wconf 90' lang='lat' dir='ltr'>ct</span> <span class='ocrx_word' id='word_1_421' title='bbox 1322 1858 1511 1889; x_wconf 80' lang='lat' dir='ltr'>necessariis</span> <span class='ocrx_word' id='word_1_422' title='bbox 1529 1858 1594 1891; x_wconf 86' lang='lat' dir='ltr'>suis</span> <span class='ocrx_word' id='word_1_423' title='bbox 1617 1860 1849 1902; x_wconf 74' lang='lat' dir='ltr'>quoquomodo</span> <span class='ocrx_word' id='word_1_424' title='bbox 1875 1872 1933 1903; x_wconf 85' lang='lat' dir='ltr'>per</span> 
     </span>
     <span class='ocr_line' id='line_1_92' title="bbox 1178 1907 1929 1954; baseline 0.011 -15"><span class='ocrx_word' id='word_1_425' title='bbox 1178 1907 1282 1950; x_wconf 85' lang='lat' dir='ltr'>ipsum</span> <span class='ocrx_word' id='word_1_426' title='bbox 1305 1908 1484 1943; x_wconf 80' lang='lat' dir='ltr'>Romanum</span> <span class='ocrx_word' id='word_1_427' title='bbox 1512 1911 1699 1945; x_wconf 79' lang='lat' dir='ltr'>l‘ontilicent</span> <span class='ocrx_word' id='word_1_428' title='bbox 1722 1914 1929 1954; x_wconf 78' lang='lat' dir='ltr'>conserenda,</span> 
     </span>
     <span class='ocr_line' id='line_1_93' title="bbox 1178 1963 1930 2006; baseline 0.009 -13"><span class='ocrx_word' id='word_1_429' title='bbox 1178 1973 1234 2005; x_wconf 89' lang='lat' dir='ltr'>per</span> <span class='ocrx_word' id='word_1_430' title='bbox 1259 1971 1290 1993; x_wconf 74' lang='lat' dir='ltr'>se.</span> <span class='ocrx_word' id='word_1_431' title='bbox 1317 1963 1362 1995; x_wconf 76' lang='lat' dir='ltr'>vel</span> <span class='ocrx_word' id='word_1_432' title='bbox 1390 1965 1488 1998; x_wconf 88' lang='lat' dir='ltr'>alium</span> <span class='ocrx_word' id='word_1_433' title='bbox 1520 1977 1574 1998; x_wconf 88' lang='lat' dir='ltr'>seu</span> <span class='ocrx_word' id='word_1_434' title='bbox 1606 1966 1702 2006; x_wconf 79' lang='lat' dir='ltr'>alios,</span> <span class='ocrx_word' id='word_1_435' title='bbox 1730 1967 1850 2000; x_wconf 84' lang='lat' dir='ltr'>directe</span> <span class='ocrx_word' id='word_1_436' title='bbox 1883 1970 1930 2001; x_wconf 83' lang='lat' dir='ltr'>vel</span> 
     </span>
     <span class='ocr_line' id='line_1_94' title="bbox 1178 2016 1929 2065; baseline 0.009 -17"><span class='ocrx_word' id='word_1_437' title='bbox 1178 2016 1346 2057; x_wconf 83' lang='lat' dir='ltr'>indirecte,</span> <span class='ocrx_word' id='word_1_438' title='bbox 1369 2020 1611 2061; x_wconf 72' lang='lat' dir='ltr'>‹promodolibet</span> <span class='ocrx_word' id='word_1_439' title='bbox 1633 2021 1756 2054; x_wconf 80' lang='lat' dir='ltr'>ambire</span> <span class='ocrx_word' id='word_1_440' title='bbox 1777 2032 1832 2054; x_wconf 88' lang='lat' dir='ltr'>seu</span> <span class='ocrx_word' id='word_1_441' title='bbox 1855 2033 1929 2065; x_wconf 88' lang='lat' dir='ltr'>pro-</span> 
     </span>
     <span class='ocr_line' id='line_1_95' title="bbox 1176 2074 1931 2120; baseline 0.008 -18"><span class='ocrx_word' id='word_1_442' title='bbox 1176 2081 1305 2111; x_wconf 83' lang='lat' dir='ltr'>curare,</span> <span class='ocrx_word' id='word_1_443' title='bbox 1338 2083 1415 2105; x_wconf 69' lang='lat' dir='ltr'>neve</span> <span class='ocrx_word' id='word_1_444' title='bbox 1446 2074 1520 2113; x_wconf 81' lang='lat' dir='ltr'>illis,</span> <span class='ocrx_word' id='word_1_445' title='bbox 1544 2074 1639 2107; x_wconf 91' lang='lat' dir='ltr'>etiam</span> <span class='ocrx_word' id='word_1_446' title='bbox 1673 2075 1756 2107; x_wconf 90' lang='lat' dir='ltr'>ultro</span> <span class='ocrx_word' id='word_1_447' title='bbox 1787 2075 1845 2108; x_wconf 87' lang='lat' dir='ltr'>sibi</span> <span class='ocrx_word' id='word_1_448' title='bbox 1873 2087 1931 2120; x_wconf 90' lang='lat' dir='ltr'>per</span> 
     </span>
    </p>
   </div>
   <div class='ocr_carea' id='block_1_13' title="bbox 1955 261 2137 289">
    <p class='ocr_par' dir='ltr' id='par_1_15' title="bbox 1955 261 2137 289">
     <span class='ocr_line' id='line_1_96' title="bbox 1955 261 2137 289; baseline 0.005 -1"><span class='ocrx_word' id='word_1_449' title='bbox 1955 261 2004 288; x_wconf 76' lang='lat' dir='ltr'>An.</span> <span class='ocrx_word' id='word_1_450' title='bbox 2021 261 2050 288; x_wconf 92' lang='lat' dir='ltr'>C.</span> <span class='ocrx_word' id='word_1_451' title='bbox 2071 262 2137 289; x_wconf 73' lang='grc'>1565</span> 
     </span>
    </p>
   </div>
   <div class='ocr_carea' id='block_1_14' title="bbox 1177 2124 1978 2172">
    <p class='ocr_par' dir='ltr' id='par_1_16' title="bbox 1177 2124 1978 2172">
     <span class='ocr_line' id='line_1_97' title="bbox 1177 2124 1978 2172; baseline 0.009 -16"><span class='ocrx_word' id='word_1_452' title='bbox 1177 2124 1339 2168; x_wconf 80' lang='lat' dir='ltr'>principes</span> <span class='ocrx_word' id='word_1_453' title='bbox 1369 2132 1481 2171; x_wconf 87' lang='lat' dir='ltr'>sponte</span> <span class='ocrx_word' id='word_1_454' title='bbox 1502 2128 1633 2169; x_wconf 79' lang='lat' dir='ltr'>oblatis,</span> <span class='ocrx_word' id='word_1_455' title='bbox 1657 2129 1700 2162; x_wconf 81' lang='lat' dir='ltr'>titi</span> <span class='ocrx_word' id='word_1_456' title='bbox 1724 2136 1928 2172; x_wconf 77' lang='lat' dir='ltr'>praesumant</span> <span class='ocrx_word' id='word_1_457' title='bbox 1973 2158 1978 2163; x_wconf 89' lang='lat'>.</span> 
     </span>
    </p>
   </div>
   <div class='ocr_carea' id='block_1_15' title="bbox 1175 2180 1929 2388">
    <p class='ocr_par' dir='ltr' id='par_1_17' title="bbox 1175 2180 1929 2388">
     <span class='ocr_line' id='line_1_98' title="bbox 1175 2180 1929 2228; baseline 0.009 -17"><span class='ocrx_word' id='word_1_458' title='bbox 1175 2180 1221 2212; x_wconf 80' lang='lat' dir='ltr'>vel</span> <span class='ocrx_word' id='word_1_459' title='bbox 1247 2180 1405 2219; x_wconf 85' lang='lat' dir='ltr'>audeant,</span> <span class='ocrx_word' id='word_1_460' title='bbox 1438 2182 1548 2214; x_wconf 85' lang='lat' dir='ltr'>eadem</span> <span class='ocrx_word' id='word_1_461' title='bbox 1579 2183 1767 2216; x_wconf 80' lang='lat' dir='ltr'>auctoritate</span> <span class='ocrx_word' id='word_1_462' title='bbox 1789 2189 1819 2218; x_wconf 85' lang='lat' dir='ltr'>et</span> <span class='ocrx_word' id='word_1_463' title='bbox 1840 2195 1929 2228; x_wconf 86' lang='lat' dir='ltr'>prae-</span> 
     </span>
     <span class='ocr_line' id='line_1_99' title="bbox 1175 2234 1926 2280; baseline 0.008 -15"><span class='ocrx_word' id='word_1_464' title='bbox 1175 2234 1313 2266; x_wconf 87' lang='lat' dir='ltr'>sentium</span> <span class='ocrx_word' id='word_1_465' title='bbox 1338 2240 1448 2269; x_wconf 86' lang='lat' dir='ltr'>tenore</span> <span class='ocrx_word' id='word_1_466' title='bbox 1473 2241 1648 2269; x_wconf 84' lang='lat' dir='ltr'>statuentes</span> <span class='ocrx_word' id='word_1_467' title='bbox 1668 2238 1754 2280; x_wconf 79' lang='lat' dir='ltr'>quod</span> <span class='ocrx_word' id='word_1_468' title='bbox 1772 2248 1884 2271; x_wconf 88' lang='lat' dir='ltr'>omnes</span> <span class='ocrx_word' id='word_1_469' title='bbox 1899 2244 1926 2271; x_wconf 86' lang='lat' dir='ltr'>et</span> 
     </span>
     <span class='ocr_line' id='line_1_100' title="bbox 1175 2288 1928 2334; baseline 0.008 -15"><span class='ocrx_word' id='word_1_470' title='bbox 1175 2288 1292 2330; x_wconf 77' lang='lat' dir='ltr'>singuli</span> <span class='ocrx_word' id='word_1_471' title='bbox 1315 2289 1345 2321; x_wconf 92' lang='lat' dir='ltr'>in</span> <span class='ocrx_word' id='word_1_472' title='bbox 1368 2290 1550 2333; x_wconf 79' lang='lat' dir='ltr'>praemissis</span> <span class='ocrx_word' id='word_1_473' title='bbox 1573 2291 1807 2334; x_wconf 80' lang='lat' dir='ltr'>delinquentes,</span> <span class='ocrx_word' id='word_1_474' title='bbox 1840 2292 1928 2325; x_wconf 89' lang='lat' dir='ltr'>nulla</span> 
     </span>
     <span class='ocr_line' id='line_1_101' title="bbox 1176 2341 1928 2388; baseline 0.007 -15"><span class='ocrx_word' id='word_1_475' title='bbox 1176 2341 1236 2373; x_wconf 88' lang='lat' dir='ltr'>alia</span> <span class='ocrx_word' id='word_1_476' title='bbox 1249 2342 1426 2376; x_wconf 86' lang='lat' dir='ltr'>monitione</span> <span class='ocrx_word' id='word_1_477' title='bbox 1439 2344 1660 2386; x_wconf 83' lang='lat' dir='ltr'>praecedente,</span> <span class='ocrx_word' id='word_1_478' title='bbox 1677 2350 1705 2377; x_wconf 91' lang='lat' dir='ltr'>et</span> <span class='ocrx_word' id='word_1_479' title='bbox 1722 2345 1842 2388; x_wconf 85' lang='lat' dir='ltr'>absque</span> <span class='ocrx_word' id='word_1_480' title='bbox 1856 2356 1928 2388; x_wconf 87' lang='lat' dir='ltr'>pro-</span> 
     </span>
    </p>
   </div>
   <div class='ocr_carea' id='block_1_16' title="bbox 1176 2396 1927 2492">
    <p class='ocr_par' dir='ltr' id='par_1_18' title="bbox 1176 2396 1927 2492">
     <span class='ocr_line' id='line_1_102' title="bbox 1176 2396 1927 2442; baseline 0.007 -16"><span class='ocrx_word' id='word_1_481' title='bbox 1176 2406 1266 2427; x_wconf 75' lang='lat' dir='ltr'>cessu</span> <span class='ocrx_word' id='word_1_482' title='bbox 1288 2396 1600 2439; x_wconf 79' lang='lat' dir='ltr'>desuperliabcndo,</span> <span class='ocrx_word' id='word_1_483' title='bbox 1625 2398 1797 2431; x_wconf 82' lang='lat' dir='ltr'>sententias</span> <span class='ocrx_word' id='word_1_484' title='bbox 1811 2403 1839 2432; x_wconf 82' lang='lat' dir='ltr'>et</span> <span class='ocrx_word' id='word_1_485' title='bbox 1853 2410 1927 2442; x_wconf 81' lang='lat' dir='ltr'>poe—</span> 
     </span>
     <span class='ocr_line' id='line_1_103' title="bbox 1176 2446 1926 2492; baseline 0 -15"><span class='ocrx_word' id='word_1_486' title='bbox 1176 2456 1231 2477; x_wconf 91' lang='lat' dir='ltr'>nas</span> <span class='ocrx_word' id='word_1_487' title='bbox 1261 2446 1452 2489; x_wconf 82' lang='lat' dir='ltr'>praemissas</span> <span class='ocrx_word' id='word_1_488' title='bbox 1492 2446 1755 2480; x_wconf 74' lang='lat' dir='ltr'>irremissibiliter</span> <span class='ocrx_word' id='word_1_489' title='bbox 1792 2458 1830 2480; x_wconf 89' lang='lat' dir='ltr'>eo</span> <span class='ocrx_word' id='word_1_490' title='bbox 1857 2447 1926 2492; x_wconf 78' lang='lat' dir='ltr'>ipso</span> 
     </span>
    </p>
   </div>
   <div class='ocr_carea' id='block_1_17' title="bbox 1151 2490 1352 2528">
    <p class='ocr_par' dir='ltr' id='par_1_19' title="bbox 1151 2490 1352 2528">
     <span class='ocr_line' id='line_1_104' title="bbox 1151 2490 1352 2528; baseline 0.005 -2"><span class='ocrx_word' id='word_1_491' title='bbox 1151 2490 1152 2506; x_wconf 69' lang='lat'><em>³</em></span> <span class='ocrx_word' id='word_1_492' title='bbox 1174 2494 1352 2528; x_wconf 83' lang='lat' dir='ltr'>incurrant.</span> 
     </span>
    </p>
   </div>
   <div class='ocr_carea' id='block_1_18' title="bbox 1150 2683 1152 2702">
    <p class='ocr_par' dir='ltr' id='par_1_20' title="bbox 1150 2683 1152 2702">
     <span class='ocr_line' id='line_1_105' title="bbox 1150 2683 1152 2702; baseline 0 0"><span class='ocrx_word' id='word_1_493' title='bbox 1150 2683 1152 2702; x_wconf 86' lang='lat' dir='ltr'>l</span> 
     </span>
    </p>
   </div>
   <div class='ocr_carea' id='block_1_19' title="bbox 1218 2544 1925 2587">
    <p class='ocr_par' dir='ltr' id='par_1_21' title="bbox 1218 2544 1925 2587">
     <span class='ocr_line' id='line_1_106' title="bbox 1218 2544 1925 2587; baseline 0.003 -11"><span class='ocrx_word' id='word_1_494' title='bbox 1218 2544 1233 2585; x_wconf 62' lang='grc' dir='ltr'>,ξ</span> <span class='ocrx_word' id='word_1_495' title='bbox 1261 2544 1292 2577; x_wconf 78' lang='grc'>3.</span> <span class='ocrx_word' id='word_1_496' title='bbox 1324 2544 1479 2587; x_wconf 83' lang='lat' dir='ltr'>Quodque</span> <span class='ocrx_word' id='word_1_497' title='bbox 1516 2545 1554 2577; x_wconf 88' lang='lat' dir='ltr'>ad</span> <span class='ocrx_word' id='word_1_498' title='bbox 1589 2545 1660 2577; x_wconf 91' lang='lat' dir='ltr'>illos</span> <span class='ocrx_word' id='word_1_499' title='bbox 1696 2545 1868 2577; x_wconf 83' lang='lat' dir='ltr'>sententias</span> <span class='ocrx_word' id='word_1_500' title='bbox 1897 2552 1925 2578; x_wconf 83' lang='lat' dir='ltr'>et</span> 
     </span>
    </p>
   </div>
   <div class='ocr_carea' id='block_1_20' title="bbox 1968 2560 2127 2589">
    <p class='ocr_par' dir='ltr' id='par_1_22' title="bbox 1968 2560 2127 2589">
     <span class='ocr_line' id='line_1_107' title="bbox 1968 2560 2127 2589; baseline 0.006 -7"><span class='ocrx_word' id='word_1_501' title='bbox 1968 2560 2049 2582; x_wconf 66' lang='lat' dir='ltr'>Litai-ae</span> <span class='ocrx_word' id='word_1_502' title='bbox 2066 2563 2127 2589; x_wconf 82' lang='lat' dir='ltr'>prin-</span> 
     </span>
    </p>
   </div>
   <div class='ocr_carea' id='block_1_21' title="bbox 1176 2592 2127 2635">
    <p class='ocr_par' dir='ltr' id='par_1_23' title="bbox 1176 2592 2127 2635">
     <span class='ocr_line' id='line_1_108' title="bbox 1176 2592 2127 2635; baseline 0.006 -12"><span class='ocrx_word' id='word_1_503' title='bbox 1176 2604 1295 2635; x_wconf 79' lang='lat' dir='ltr'>poenas</span> <span class='ocrx_word' id='word_1_504' title='bbox 1315 2592 1736 2626; x_wconf 85' lang='lat' dir='ltr'>huiusmodidamnabiliter</span> <span class='ocrx_word' id='word_1_505' title='bbox 1752 2593 1924 2627; x_wconf 83' lang='lat' dir='ltr'>incurrisse</span> <span class='ocrx_word' id='word_1_506' title='bbox 1941 2594 2017 2618; x_wconf 58' lang='lat' dir='ltr'>⁰i¹‘&#39;¹&#39;&#39;&#39;·</span> <span class='ocrx_word' id='word_1_507' title='bbox 2032 2593 2066 2614; x_wconf 68' lang='lat'>”¹</span> <span class='ocrx_word' id='word_1_508' title='bbox 2088 2599 2127 2614; x_wconf 69' lang='lat'>⁶⁰·</span> 
     </span>
    </p>
   </div>
   <div class='ocr_carea' id='block_1_22' title="bbox 1941 2627 2124 2645">
    <p class='ocr_par' dir='ltr' id='par_1_24' title="bbox 1941 2627 2124 2645">
     <span class='ocr_line' id='line_1_109' title="bbox 1941 2627 2124 2645; baseline 0 -1"><span class='ocrx_word' id='word_1_509' title='bbox 1941 2631 1984 2644; x_wconf 83' lang='lat' dir='ltr'>tuin</span> <span class='ocrx_word' id='word_1_510' title='bbox 2017 2627 2124 2645; x_wconf 69' lang='lat' dir='ltr'>oratorum</span> 
     </span>
    </p>
   </div>
   <div class='ocr_carea' id='block_1_23' title="bbox 1175 2641 2124 2686">
    <p class='ocr_par' dir='ltr' id='par_1_25' title="bbox 1175 2641 2124 2686">
     <span class='ocr_line' id='line_1_110' title="bbox 1175 2641 2124 2686; baseline 0.003 -12"><span class='ocrx_word' id='word_1_511' title='bbox 1175 2641 1313 2685; x_wconf 75' lang='lat' dir='ltr'>legitime</span> <span class='ocrx_word' id='word_1_512' title='bbox 1339 2642 1541 2686; x_wconf 84' lang='lat' dir='ltr'>probandum</span> <span class='ocrx_word' id='word_1_513' title='bbox 1575 2648 1603 2675; x_wconf 87' lang='lat' dir='ltr'>et</span> <span class='ocrx_word' id='word_1_514' title='bbox 1637 2642 1769 2675; x_wconf 87' lang='lat' dir='ltr'>omnino</span> <span class='ocrx_word' id='word_1_515' title='bbox 1795 2643 1925 2676; x_wconf 81' lang='lat' dir='ltr'>convin-</span> <span class='ocrx_word' id='word_1_516' title='bbox 1940 2660 2032 2681; x_wconf 73' lang='lat' dir='ltr'>preces,</span> <span class='ocrx_word' id='word_1_517' title='bbox 2076 2656 2124 2677; x_wconf 63' lang='lat' dir='ltr'>snat</span> 
     </span>
    </p>
   </div>
  </div>
 </body>
</html>
