2237 3100
533 247 620 281 1018
1086 251 1233 276 BULLARH
1256 251 1375 276 nonam

576 310 716 351 dirigere
732 313 835 348 curat,
850 306 913 339 730
937 316 970 341 a:
990 305 1049 337 tria
1068 310 1139 338 vota
1160 306 1306 338 emittere
1336 303 1490 347 cupiens,
1518 302 1593 335 Pius
1616 302 1639 335 V
1664 312 1812 335 normam
1837 303 2045 346 professionis

578 363 772 397 emittendae
802 362 861 393 sub
891 360 1012 400 Regula
1032 360 1063 393 S.
1098 359 1270 402 Augustini
1291 358 1493 402 praescribit,
1519 357 1621 398 ibid.;
1640 357 1726 390 bona
1746 357 1873 390 stabilia
1902 358 1934 391 in
1954 368 2045 391 com-

576 417 666 449 muni
687 414 870 460 possidendi
890 413 1074 446 facultatem
1096 413 1260 455 elargitur,
1282 411 1341 445 731
1367 423 1405 449 u;
1426 410 1669 453 congregationi
1683 421 1801 443 nornen
1822 410 1925 454 ponit,
1941 411 2044 451 ibid„-

576 472 679 511 legata
704 467 895 511 simpliciter
916 467 1027 499 relicta
1047 466 1202 510 applicari
1230 465 1387 509 permittit
1407 464 1563 498 ccclesiae
1585 464 1617 497 S.
1640 463 1763 503 Maioli,
1786 464 1866 497 ibid.

486 524 624 567 Spiritus
654 523 713 565 (S.)
740 521 772 553 in
799 520 890 553 Saxia
911 521 949 552 de
970 520 1055 553 Urbe
1083 519 1309 553 nosocomium
1328 518 1533 551 tabellionem
1555 523 1585 550 et
1608 518 1806 561 quandoque
1827 517 1924 550 etiam
1938 528 2045 551 secre—

578 575 693 608 tarium
727 579 837 606 tenere
880 574 983 613 solet,
1018 573 1073 616 qui
1107 572 1216 606 onmia
1250 572 1465 604 instrumenta
1503 571 1589 603 illius
1632 571 1760 603 lucrum
1818 571 2046 604 concernentia

574 632 697 671 rogant,
729 627 794 660 144
820 639 850 659 a.
874 626 935 670 Ipsi
965 627 1012 659 vel
1043 636 1155 659 eorum
1188 626 1344 658 haeredes
1366 629 1456 657 notas
1481 624 1773 657 instrumentorum
1800 635 1858 668 per
1878 634 1933 657 eos
1952 634 2047 668 roga-

574 686 679 714 torum
696 680 727 712 in
739 680 918 713 nosocomii
934 678 1129 711 cancellaria
1142 678 1305 711 dimittere
1323 677 1454 715 debent,
1469 682 1503 709 ut
1523 687 1581 720 per
1597 687 1801 709 successores
1824 676 1856 708 in
1878 676 2044 721 publicam

572 736 709 768 sormam
739 735 949 777 redigantur,
982 734 1061 767 ibid.
1101 734 1129 766 b.
1159 732 1388 766 Nosocomium
1418 731 1684 765 instaurationem
1717 731 1841 764 obtinet
1868 742 1885 765 a
1924 731 1981 764 Pio
2009 731 2045 764 tv

572 789 733 821 facultatis
752 788 930 831 quaerendi
952 788 1181 830 eleemosynas,
1203 796 1330 818 necnon
1351 785 1488 818 aliarum
1511 784 1789 827 indulgentiarum
1811 789 1842 817 et
1862 784 2045 828 privilegio-

572 853 644 874 rum
667 841 808 874 concilio
829 840 1019 873 Tridentino
1040 850 1105 873 non
1126 839 1336 879 obstantium,
1356 838 1421 871 304
1443 839 1471 871 b.
1496 838 1612 871 Forma
1629 838 1849 882 eleemosynas
1869 837 2044 881 colligendi

572 894 776 938 praefinitur,
804 894 868 927 305
890 906 921 927 α.
952 894 984 926 V.
1013 894 1096 926 Loca
1111 893 1176 937 pia.

482 947 591 991 Spolia
617 947 825 987 elericorum,
853 948 892 980 sle
918 947 984 979 suis
1009 947 1102 979 lionis
1126 946 1313 979 testantium
1339 946 1460 989 absque
1485 945 1577 979 Sedis
1602 945 1805 988 Apostolicae
1831 944 1974 985 licentia,
2001 944 2040 978 ad

571 1001 738 1033 Cameram
760 1001 976 1044 Apostolieam
999 1000 1226 1040 devolvuntur,
1242 998 1283 1032 28
1308 1010 1342 1035 α,’
1367 999 1443 1031 item
1469 999 1664 1032 clericorum
1685 999 1771 1042 apud
1792 1009 1867 1032 suas
1887 998 2041 1032 ccclesias

573 1064 636 1086 non
657 1053 869 1086 1‘‹.·side11tiuin
884 1059 1037 1096 extraque
1056 1052 1262 1085 residentiam
1278 1051 1517 1092 defunetoium,
1539 1051 1603 1085 333
1619 1063 1649 1084 a.
1665 1051 1815 1084 Testandi
1830 1051 1961 1085 licentia
1974 1062 2039 1085 non

572 1107 789 1139 residentibus
822 1107 969 1147 sublata,
995 1107 1072 1139 ibid.
1105 1107 1133 1138 b.
1158 1106 1247 1139 Aliae
1268 1104 1488 1138 ordinationes
1515 1105 1554 1138 de
1575 1105 1636 1138 liac
1661 1116 1695 1138 re
1716 1104 1829 1138 tirmae
1855 1110 2036 1146 remanent,

570 1159 637 1193 334*
666 1171 696 1192 α.
739 1159 956 1199 Ornamenta‚
998 1164 1205 1203 paramenta,
1238 1158 1399 1199 missalia,
1423 1158 1600 1201 gradualia,
1628 1169 1679 1191 res
1708 1169 1818 1192 sac-rac
1848 1163 1880 1192 et
1903 1158 1967 1192 alia
1998 1159 2037 1192 ad

571 1214 695 1246 sailtum
716 1212 859 1246 divinum
882 1213 1057 1257 spectantia
1078 1223 1143 1245 non
1163 1212 1297 1245 veniunt
1312 1212 1444 1245 nomine
1464 1212 1645 1256 spoliorum
1666 1211 1706 1245 ad
1717 1212 1885 1245 cameram
1900 1213 2038 1256 Aposto-

570 1267 663 1299 licam
686 1267 933 1310 pertinentium,
948 1267 1003 1300 sed
1025 1272 1171 1310 spectant
1190 1267 1230 1299 ad
1248 1266 1401 1299 ecclesias
1421 1266 1598 1299 obtentasa
1623 1265 1842 1310 beneficiariis
1861 1266 2036 1308 defunctis,

568 1320 634 1354 609
655 1321 686 1357 b,-
707 1320 762 1364 qui
783 1321 918 1364 propria
938 1320 1131 1353 auctoritate
1150 1320 1204 1353 illa
1229 1320 1477 1363 apprehendere
1502 1325 1656 1363 possunt,
1679 1319 1744 1353 610
1771 1331 1802 1353 α.
1820 1319 1864 1353 De
1883 1319 1947 1354 illis
1971 1320 2037 1355 dis-

570 1374 646 1417 poni
660 1374 753 1406 aliter
767 1384 831 1407 non
846 1379 962 1417 potest,
976 1384 1016 1407 ne
1031 1384 1091 1418 pro
1113 1384 1224 1407 caussa
1243 1373 1375 1417 quidem
1395 1373 1458 1416 pia,
1474 1374 1553 1406 ibid.
1570 1374 1598 1406 b.
1617 1373 1784 1407 Bonorum
1804 1373 2036 1417 praedictorum

570 1428 755 1461 detentores
775 1428 927 1461 omnibus
953 1428 1033 1461 iuris
1054 1433 1081 1460 et
1104 1427 1179 1460 sacti
1200 1427 1353 1460 remediis
1368 1427 1407 1460 ad
1424 1427 1666 1461 restitutionem
1685 1427 1935 1471 compellantur,
1955 1429 2035 1463 ibid.

569 1480 859 1513 Beneficiariorum
882 1477 1029 1524 supellex
1043 1491 1108 1514 non
1128 1480 1214 1513 venit
1232 1480 1363 1513 nomine
1386 1480 1587 1523 spoliorum,
1607 1480 1686 1513 ibid.
1706 1480 1853 1525 Spolium
1870 1482 2038 1525 praetendi

530 1547 532 1550 >
569 1544 635 1567 non
660 1539 766 1578 potest
799 1545 855 1577 per
876 1534 1000 1567 obitum
1027 1535 1204 1568 obtinentis
1228 1534 1387 1567 beneficia
1407 1534 1455 1567 vel
1480 1534 1654 1578 pensiones
1672 1544 1738 1568 non
1763 1534 1955 1569 excedentes
1977 1544 2037 1569 xxx

566 1587 713 1627 ducatos,
728 1586 787 1620 611
806 1599 836 1620 ιι.
851 1588 968 1621 Divisio
980 1593 1260 1629 ornamentorum,
1274 1593 1344 1627 etc„
1358 1588 1523 1632 quomodo
1545 1588 1691 1621 facienda
1712 1599 1786 1621 cum
1805 1588 2036 1622 beneficiarius

568 1641 662 1683 plura
683 1641 806 1674 obtinet
831 1641 1002 1679 beneficia,
1022 1640 1086 1674 612
1102 1653 1133 1674 a.
1168 1641 1202 1674 V.
1229 1641 1406 1675 Beneficia.

478 1693 633 1737 Stephani
653 1694 715 1737 (S.)
736 1695 850 1727 militia
866 1695 924 1727 snb
946 1695 1069 1737 Regula
1089 1695 1120 1727 S.
1144 1694 1309 1728 Benedicti
1332 1705 1349 1727 a
1369 1695 1485 1728 Cosmo
1498 1695 1653 1735 Medices,
1676 1695 1859 1730 Florentiae
1880 1703 1912 1731 et
1931 1696 2032 1730 Sena-

564 1758 636 1780 rum
658 1748 754 1789 duce,
777 1748 927 1791 erigitur,
950 1748 1122 1791 eidemque
1143 1749 1362 1782 condecentes
1382 1754 1558 1791 proventus
1577 1749 1797 1792 assignantur,
1819 1750 1884 1784 159
1900 1762 1930 1784 α.
1948 1750 2037 1784 Cari-

565 1806 675 1840 tatem,
711 1801 916 1844 coniugalem
953 1802 1134 1834 castitatem
1167 1812 1297 1835 necnon
1320 1802 1538 1835 obedientiam
1573 1802 1692 1836 milites
1721 1803 1868 1847 profiteri
1900 1803 2031 1844 debent,

564 1854 640 1886 ibid.
659 1854 686 1886 b.
705 1855 774 1887 Alia
793 1860 924 1894 statuta,
943 1856 1023 1888 ibid.
1043 1855 1118 1887 Pius
1134 1855 1169 1887 IV
1188 1855 1352 1896 praedicta
1379 1855 1563 1897 confirmat,
1590 1855 1656 1889 160
1676 1867 1710 1897 α;
1725 1855 1877 1889 Cosmum
1899 1856 2032 1901 eiusque

562 1918 766 1941 successores
780 1918 914 1951 magnos
934 1908 1105 1951 magistros
1126 1909 1261 1941 militiae
1276 1914 1377 1948 creat,
1404 1909 1563 1952 pluraque
1584 1909 1750 1953 privilegia
1766 1909 1926 1951 concedit,
1949 1910 2030 1944 ibid.

562 1961 676 1994 Milites
700 1961 890 1993 eximuntur
913 1972 931 1993 a
952 1961 1181 1995 iurisdictione
1202 1962 1458 2002 ordinariorum,
1485 1961 1550 1995 ‘162
1569 1973 1612 2001 a,·
1643 1963 1866 2006 praerogativa
1889 1963 2028 2006 gaudent

562 2014 723 2047 retinendi
744 2020 773 2047 et
795 2014 1011 2047 transferendi
1029 2015 1203 2058 pensiones
1225 2026 1325 2060 usque
1345 2016 1384 2048 ad
1401 2026 1561 2048 summam
1588 2016 1805 2049 ducentorum
1822 2015 2028 2057 ducatorum,

562 2067 639 2099 ibid.
674 2068 711 2107 b;
739 2067 934 2111 disponendi
971 2068 1008 2100 de
1042 2079 1173 2112 quoquo
1207 2069 1304 2102 modo
1341 2069 1525 2112 acquisitis,
1552 2068 1617 2102 163
1646 2081 1675 2102 α.
1705 2069 1820 2103 Milites
1850 2069 2028 2114 presbyteri

561 2120 757 2153 beneficium
778 2121 897 2153 habere
919 2127 1066 2164 possunt,
1089 2122 1167 2154 ibid.
1191 2122 1220 2155 b.
1239 2121 1374 2161 Quando
1390 2121 1510 2156 milites
1527 2128 1664 2165 peccent
1691 2122 1732 2156 ob
1758 2122 2029 2156 inobservantiam

562 2173 716 2215 Regulae,
738 2174 817 2206 ibid.
836 2174 1032 2207 Eorumdem
1051 2175 1213 2218 exemptio
1234 2185 1251 2208 a
1272 2175 1436 2208 solutione
1456 2175 1658 2208 decimarum
1673 2180 1701 2208 ct
1723 2175 1864 2219 aliorum
1879 2186 2029 2216 onerum,

561 2227 639 2259 ibid.
670 2227 844 2260 Pensiones
870 2238 967 2270 super
997 2228 1166 2261 beneficiis
1197 2228 1334 2261 militiae
1360 2228 1483 2272 imponi
1507 2235 1687 2272 nequeunt,
1712 2229 1776 2262 nisi
1801 2239 1860 2273 pro
1881 2228 2030 2272 personis

561 2279 719 2320 eiusdem,
746 2280 811 2312 164
836 2291 867 2313 α.
896 2280 1098 2323 Indulgentia
1124 2282 1270 2324 plenaria
1284 2292 1343 2325 pro
1357 2281 1514 2314 militibus
1538 2282 1593 2325 qui
1618 2282 1741 2315 obeunt
1764 2282 1797 2315 in
1823 2282 2028 2326 expeditione

559 2338 671 2365 contra
696 2332 844 2365 inlideles
858 2333 908 2365 vel
929 2333 1124 2375 haereticos,
1147 2335 1245 2371 ibid„-
1268 2334 1344 2367 item
1366 2345 1424 2377 pro
1441 2335 1644 2368 visitantibus
1665 2335 1835 2369 ecclesiam
1851 2341 2028 2370 conventus

558 2386 610 2418 die
636 2396 657 2419 11
681 2387 808 2427 augusti
836 2387 1003 2420 cuiuslibet
1032 2388 1121 2428 anni,
1150 2388 1228 2421 ibid.
1256 2389 1284 2421 b.
1313 2388 1401 2422 Aliae
1422 2388 1644 2431 imilulgentiae
1664 2400 1723 2433 pro
1743 2389 1867 2433 aliquid
1893 2388 2026 2423 militiae

560 2438 771 2481 donantibus,
794 2441 872 2473 ibid.

471 2489 656 2524 Summator
676 2492 858 2525 litterarum
875 2493 1126 2536 apostolicarum
1153 2494 1279 2527 obtinet
1299 2495 1339 2527 ab
1359 2495 1541 2528 Alexandro
1566 2495 1603 2528 VI
1620 2496 1764 2530 osticium
1785 2502 1978 2540 perpetuum
1993 2502 2022 2530 et

557 2546 713 2583 vacabile,
731 2546 795 2579 802⁴.)
821 2547 837 2578 b
847 2559 857 2585 ,·
878 2547 1075 2590 scriptorum
1089 2548 1279 2580 earmndem
1300 2547 1483 2581 litterarum
1505 2548 1671 2591 privilegia
1697 2549 1824 2592 aliaque
1840 2549 2023 2592 complura,

559 2598 637 2631 ibid.
661 2599 733 2631 Pius
758 2600 781 2631 V
801 2600 943 2633 officium
965 2599 1123 2643 insignius
1152 2600 1256 2633 reddit
1286 2601 1485 2635 instituendo
1506 2602 1688 2645 praesidem
1725 2613 1824 2635 unuin
1841 2628 1849 2642 ‚
1875 2603 2023 2644 recogni-

558 2656 644 2684 tores
675 2658 815 2695 quatuor
848 2653 976 2698 aliaque
1001 2654 1105 2687 officia
1131 2654 1251 2688 valoris
1278 2655 1482 2697 septuaginta
1514 2655 1653 2690 millium
1684 2660 1871 2697 scutorum,
1893 2655 1957 2690 830
1982 2657 2023 2696 Ι),-
