2237 3100
276 257 326 285 An.
341 257 370 285 c.
391 248 458 284 1867

305 1720 422 1743 1110ῐά10111,

301 2041 368 2059 uuna
389 2040 449 2060 buius

267 2071 423 2091 seminationis

519 246 582 280 636

472 310 569 343 verbo
589 309 628 342 ad
649 308 780 341 verbum
804 306 911 339 inserti
933 305 1049 345 forent,
1072 314 1223 347 praesen-

471 363 555 395 tibus
578 372 636 406 pro
665 359 820 404 expressis
850 358 1015 393 habentes,
1053 356 1114 388 illis
1144 356 1222 389 alias

471 416 502 448 in
537 426 594 448 suo
629 414 744 447 robore
782 410 1018 455 permansuris,
1061 410 1121 442 hac.
1154 410 1220 442 vice

470 469 642 508 dumtaxat,
663 465 844 510 specialiter
872 471 902 498 et
917 474 1065 508 expresse.
1085 464 1220 506 deroga—

471 533 551 561 mus,
572 520 742 553 contrariis
757 519 1031 562 quibuscumque;
1049 522 1104 550 aut
1124 517 1148 549 51
1165 517 1221 549 ali-

468 574 597 618 quibus,
613 573 830 607 communiter
844 574 890 605 vel
908 570 1092 610 divisim‚ab
1109 570 1219 604 eadem

469 628 508 661 sit
533 627 614 660 Sede
641 627 802 660 indultum
837 626 924 670 quod
955 624 1122 661 interdici,
1150 635 1219 656 sus-

468 681 565 725 pendi
605 681 652 713 vel
691 679 964 714 excommunicari
1001 690 1064 712 11011
1100 678 1220 722 possint

469 745 526 778 per
545 735 653 768 literas
673 734 877 779 apostolicas,
900 744 964 766 non
987 732 1139 766 facientes
1154 732 1221 776 ple-

466 796 541 822 nam
568 794 599 823 et
623 799 805 832 expressam
841 799 877 821 ac
906 788 944 820 de
969 787 1065 819 verbo
1090 787 1128 819 ad
1150 797 1219 818 ver-

467 842 543 875 bum
577 843 615 876 de
639 842 764 875 indulto
789 841 975 875 huiusmodi
1009 840 1216 874 mentionem.

509 896 625 929 Datum
652 896 771 929 Romae
792 896 877 939 apud
912 896 943 928 S.
980 895 1123 933 Petrum,
1161 894 1219 926 sub

467 950 589 983 annulo
610 950 792 989 piscatoris,
819 949 870 982 die
886 960 1053 982 ixnorem.
1076 958 1217 985 imrxru,

468 1003 672 1048 pontificatus
693 1004 792 1036 nostri
806 1013 898 1035 anno
919 1003 1073 1036 secundo.

489 1062 547 1092 Dat.
565 1063 611 1093 die
634 1063 651 1091 {l
671 1062 842 1092 novembris
861 1062 946 1098 1567,
964 1061 1064 1101 pontis.
1082 1070 1156 1090 auno
1171 1069 1199 1090 11.

779 1215 891 1248 LXXVI
899 1243 904 1247 .

468 1293 652 1326 Declaraez'o
675 1292 757 1336 quod
785 1292 987 1336 conyreqate'o
1015 1291 1158 1333 fratrum
1182 1290 1215 1323 S.

514 1346 707 1389 Hieronymi
722 1346 925 1379 Iesuatorzcm
938 1350 1136 1388 1111110111111111,
1152 1356 1220 1377 vere

512 1401 803 1444 comprehendatur
824 1401 910 1432 [nter
931 1398 1067 1432 Ordines
1093 1398 1219 1431 Mento·-

512 1456 657 1489 cantium
675 1482 681 1496 ,
705 1465 873 1497 eorumque
890 1453 1080 1496 perfruatur
1103 1453 1220 1496 §ratiis

511 1513 540 1542 et
560 1509 698 1542 indultis
718 1508 743 1540 ¹.

503 1590 564 1620 rius
584 1591 655 1626 rapa
674 1590 703 1623 V,
725 1591 758 1618 ad
777 1590 937 1626 perpetuam
953 1588 994 1618 rei
1008 1589 1178 1618 memoriam.

510 1663 675 1697 Romanus
702 1662 844 1696 Pontifex
861 1663 1037 1707 privilegia,
1064 1663 1220 1706 religiosis

466 1716 627 1750 Altissimo
648 1717 878 1750 famulantibus
898 1728 915 1749 a
936 1717 1017 1750 Sede
1038 1717 1218 1759 Apostoliea

466 1781 629 1811 concessa,
652 1770 715 1803 illis
731 1771 850 1803 nedum
864 1781 1065 1811 conservare,
1078 1771 1132 1803 sed
1150 1771 1220 1803 aliis

466 1825 561 1858 etiam
572 1825 729 1868 religiosis
744 1835 897 1858 concessa
908 1825 947 1857 ad
959 1835 1013 1857 eos
1024 1825 1219 1868 quandoqn(¹

466 1879 637 1912 extendere
675 1884 705 1911 et
738 1879 893 1922 ampliare
919 1879 1096 1919 consuevit,
1124 1885 1218 1922 prout

466 1933 497 1965 in
517 1933 653 1966 Domino
674 1932 828 1976 conspicit
864 1933 1035 1969 salubriter
1055 1934 1215 1976 expedire.

510 1987 571 2031 §AE
594 1987 689 2027 Sane,
717 1987 795 2020 sicut
821 1987 1018 2030 accepimns,
1038 1987 1123 2027 licet,
1138 1987 1220 2020 inter

465 2040 528 2073 alia
549 2040 714 2085 privilegia
735 2040 860 2073 dilectis
881 2040 955 2073 tiliis
976 2042 1218 2084 congregationi

467 2095 600 2127 fratrum
623 2094 653 2127 S.
672 2094 857 2138 Hieronymi
874 2094 1073 2127 Iesuatorum
1096 2106 1220 2128 nuncu-

467 2153 629 2192 patorum,
648 2147 741 2181 euius
752 2148 865 2181 fratres
886 2148 971 2180 illam
994 2159 1052 2192 pro
1074 2155 1218 2193 tempore

467 2201 683 2245 ingredientes
713 2202 944 2245 professionem
971 2214 1028 2245 per
1052 2203 1220 2246 religiosos

466 2256 594 2289 Ordinis
618 2257 649 2290 S.
678 2256 845 2300 Augustini
871 2257 972 2289 emitti
1003 2258 1126 2290 solitam
1166 2269 1218 2290 ex-

468 2307 574 2353 pres’se
596 2310 754 2348 emittere,
778 2316 807 2343 ct
825 2310 857 2342 in
869 2311 1033 2343 communi
1051 2311 1153 2344 vivere
1171 2323 1220 2344 so-

467 2363 513 2396 liti
534 2369 616 2401 511111,
638 2374 802 2405 concessa,
822 2363 916 2397 etiam
929 2364 1037 2397 onmia
1051 2370 1081 2396 et
1093 2365 1219 2408 singula

504 2436 514 2461 1
534 2435 585 2462 Ista
611 2436 779 2471 congregatio
799 2436 948 2472 specialiter
973 2436 1071 2471 gaudet
1096 2437 1219 2463 omuibus

466 2480 558 2514 gratiis
577 2484 602 2507 et
620 2481 764 2516 privilegiis
780 2481 913 2508 concessis
927 2484 952 2507 et
968 2480 1144 2508 concedendis
1164 2482 1216 2508 Or-

466 2525 521 2551 dini
546 2525 657 2552 fratrum
692 2526 870 2553 Eremitarum
895 2527 919 2553 S.
953 2527 1114 2561 Augustini,
1144 2528 1219 2553 cuius

466 2569 591 2604 Regulam
606 2570 757 2605 profitetur,
770 2575 799 2598 ut
815 2572 839 2598 in
862 2571 1003 2598 Clementis
1021 2572 1067 2597 Vll
1090 2572 1219 2598 coustitu-

467 2615 537 2642 tione
549 2623 625 2648 xL1V,
644 2618 751 2649 Sacrae,
771 2621 834 2643 tom.
853 2625 890 2645 vi,
908 2624 966 2652 pag.
982 2617 1041 2642 1553,
1060 2616 1125 2644 Vide
1151 2616 1219 2642 Mar-

465 2660 512 2686 tini
529 2660 550 2687 V
569 2661 706 2689 constitut.
728 2669 797 2695 xxu,
827 2663 900 2695 Piae,
928 2667 992 2688 tom.
1017 2668 1052 2691 iv,
1077 2661 1216 2696 pag.⁴750.

1070 248 1248 273 BULLARIUM
1273 248 1422 272 ROMANUM

1264 302 1439 346 privilegia,
1452 302 1683 345 exemptiones,
1698 301 1928 340 immunitates,
1941 310 2015 343 gra-

1264 355 1323 387 tiae
1345 360 1373 388 et
1388 354 1509 388 indulta
1520 354 1631 387 Ordini
1643 355 1858 387 Eremitarum
1870 353 2013 387 eiusdem

1264 408 1294 441 S.
1318 408 1487 451 Augustini
1521 413 1551 440 et
1580 408 1667 440 illius
1699 407 1937 451 professoribus
1977 417 2013 439 ac

1263 463 1369 494 forsan
1391 461 1461 494 aliis
1480 461 1653 495 Ordinibus
1667 461 1917 494 Mendicantium
1940 470 2015 493 con-

1263 526 1362 555 cessa,
1386 516 1424 548 ad
1446 515 1546 559 ipsam
1569 515 1851 559 congregationem
1873 520 1901 548 et
1928 514 2016 547 illius

1264 570 1375 602 fratres
1396 579 1575 616 eorumque
1595 569 1708 602 domos
1726 574 1757 602 et
1771 568 1934 609 ecclesias,
1957 579 2016 612 per

1262 622 1376 655 Sedem
1402 623 1617 666 Apostolicam
1645 628 1773 655 extensa
1808 628 1838 655 et
1862 621 2015 666 ampliata

1263 676 1411 713 fuissent:
1439 683 1469 710 et
1490 683 1660 721 propterea
1681 676 1888 720 congregatio
1902 675 2013 709 huius-

1262 730 1348 762 modi
1374 736 1402 763 et
1438 731 1525 763 illius
1560 732 1673 764 fratres
1714 731 1807 764 dictis
1841 729 2015 774 privilegiis

1261 784 1403 825 gaudere
1421 812 1428 825 ,
1466 790 1493 817 et
1516 784 1575 817 sub
1600 784 1851 818 Meudicantium
1877 795 2014 817 numero

1261 838 1495 882 comprehendi
1510 838 1659 878 debeant,
1675 849 1734 872 nec
1753 849 1850 882 super
1861 838 2014 883 praemis-

1262 892 1304 924 sis
1323 903 1340 924 a
1356 903 1520 936 quoquam
1534 892 1696 926 molestari
1718 893 1851 936 possint.
1870 892 2014 936 Cumque

1261 956 1330 987 nos,
1358 958 1463 990 nuper
1492 946 1523 979 111
1552 947 1690 990 quadam
1721 946 1936 980 declaratione
1957 957 2016 990 per

1262 1010 1329 1041 nos,
1352 1012 1449 1044 super
1463 1000 1709 1034 Mcndicantium
1732 1001 1867 1033 fratrum
1887 1001 2014 1034 Ordini-

1261 1054 1332 1092 bus,
1360 1054 1542 1088 certistunc
1563 1054 1720 1098 expressis
1740 1054 1778 1087 de
1799 1053 1904 1087 causis
1919 1054 2012 1093 facta,

1262 1108 1344 1140 ultra
1360 1108 1391 1141 S.
1415 1108 1586 1148 Dominici,
1604 1113 1634 1141 et
1649 1108 1680 1141 S.
1696 1107 1868 1149 Francisci,
1886 1119 1923 1141 ac
1936 1108 2014 1142 Ere-

1262 1162 1414 1195 mitarum
1436 1162 1467 1195 S.
1495 1162 1680 1206 Augustini,
1712 1173 1839 1195 necnon
1859 1161 2013 1196 Carmeli-

1262 1221 1366 1248 tarum
1392 1216 1642 1250 Mendicantium
1668 1216 1823 1258 Ordines,
1851 1216 1956 1250 solum
1982 1215 2013 1249 111

1262 1270 1323 1302 illis
1343 1270 1495 1303 Ordinem
1520 1271 1553 1304 B.
1583 1270 1698 1304 Mariae
1723 1270 1896 1304 Servorum
1917 1270 2015 1303 inseri

1261 1324 1473 1360 voluerimus:
1497 1330 1524 1357 et
1547 1330 1717 1369 propterea
1739 1325 1830 1358 facile
1847 1335 1863 1357 a
1884 1324 2016 1368 quibus-

1262 1379 1333 1411 dam
1353 1379 1501 1411 ‘dubitari
1522 1379 1638 1411 merito
1659 1384 1765 1422 posset
1790 1379 1889 1422 quod,
1920 1378 1945 1411 si
1965 1378 2014 1412 dj-

1262 1437 1343 1465 etam
1367 1432 1650 1475 congregationem
1672 1438 1702 1466 et
1722 1432 1808 1465 1111115
1821 1432 1934 1465 fratres
1955 1433 2014 1466 sub

1262 1487 1324 1519 illis
1345 1486 1576 1530 comprehendi
1597 1486 1810 1520 voluissemus
1827 1514 1834 1529 ,
1863 1497 1922 1520 nos
1941 1497 2014 1531 spe-

1262 1541 1375 1574 cialem
1401 1541 1495 1574 etiam
1522 1541 1561 1573 dc
1587 1540 1649 1573 11115
1670 1542 1802 1574 0111111110
1828 1539 2015 1574 fecissemus

1263 1595 1468 1629 mentionem.

1305 1650 1319 1691 ,ξ
1343 1649 1373 1682 02.
1402 1650 1463 1683 Nos
1480 1649 1587 1693 itaque
1612 1649 1811 1682 attendentes
1845 1659 1911 1690 eos,
1938 1660 2012 1682 cum

1261 1709 1334 1736 110111
1351 1703 1547 1743 mendicent,
1560 1714 1625 1736 uon
1641 1703 1701 1736 nisi
1720 1703 1855 1736 honesta
1867 1703 1906 1736 de
1917 1714 2013 1737 causa

1262 1757 1291 1789 iu
1332 1757 1579 1790 Mcndicantium
1617 1756 1788 1790 Ordinibus
1824 1757 2012 1790 huiusmodi

1261 1822 1329 1844 esse
1341 1811 1529 1855 adscriptos,
1542 1822 1578 1844 ac
1590 1816 1763 1855 propterea
1779 1822 1837 1843 sua
1850 1810 2015 1854 privilegia

1262 1865 1447 1898 lmiusmodi
1464 1864 1573 1897 illaesa
1599 1875 1787 1898 conservare
1807 1865 1957 1905 volentes,
1978 1876 2013 1898 ac

1261 1929 1544 1963 quarumcumque
1562 1918 1668 1950 litium
1681 1925 1711 1951 et
1727 1929 1898 1951 causarum
1916 1924 2015 1952 status

1261 1979 1289 2007 et
1312 1974 1435 2013 merita,
1460 1984 1495 2006 ac
1516 1972 1648 2005 nomina
1668 1979 1696 2005 et
1721 1972 1915 2016 cognomina
1928 1972 2013 2005 iudi-

1262 2039 1347 2067 011111,
1362 2038 1471 2060 eoram
1492 2027 1610 2069 quibus
1631 2027 1703 2060 illae
1725 2027 1877 2070 pendent,
1901 2032 1931 2060 et
1951 2027 2015 2060 col-

1261 2082 1456 2125 litigautium
1472 2081 1690 2125 aliorumque,
1706 2091 1834 2114 necnon
1854 2091 2011 2123 quorum-

1261 2146 1402 2180 cumque
1411 2135 1667 2179 pririlegiorum,
1686 2135 1898 2175 indultorum,
1909 2144 2014 2168 exem-

1261 2190 1407 2233 ptionum
1417 2194 1444 2222 et
1454 2189 1694 2222 immunitatum
1704 2188 1763 2232 ipsi
1772 2187 2011 2231 congregationi

1261 2254 1490 2278 concessorum
1511 2249 1637 2277 tenores
1648 2242 1873 2287 praesentibus
1887 2253 1946 2285 pro
1961 2252 2012 2275 ex-

1261 2298 1378 2341 pressis
1402 2297 1567 2337 hahentes,
1591 2302 1679 2330 motu
1709 2296 1854 2340 proprio,
1883 2306 1948 2329 non
1973 2295 2011 2328 ad

1261 2351 1362 2395 ipsius
1388 2350 1646 2394 congregationis
1677 2350 1725 2383 vel
1754 2349 1841 2382 illius
1874 2349 2010 2385 fratrum

1261 2411 1315 2438 aut
1327 2406 1466 2438 alicuius
1477 2416 1513 2437 ex
1530 2405 1575 2437 eis
1587 2404 1680 2437 nobis
1696 2414 1795 2447 super
1807 2403 1869 2435 hoc
1885 2403 2011 2436 oblatae

1262 2455 1424 2498 petitionis
1444 2455 1638 2493 instantiam,
1661 2454 1715 2487 sed
1736 2453 1774 2485 de
1794 2456 1903 2486 nostra
1923 2462 2011 2485 mera

1260 2504 1450 2537 liberalitate
1466 2514 1503 2536 ae
1520 2515 1557 2536 ex
1573 2509 1658 2536 certa
1673 2502 1805 2536 scientia
1821 2506 1852 2534 et
1867 2501 1906 2534 de
1929 2502 2012 2535 eius-

1260 2553 1331 2586 dem
1349 2553 1439 2586 Sedis
1455 2553 1620 2597 potestatis
1630 2551 1843 2596 plenitudine,
1855 2551 1964 2584 omnia
1981 2557 2011 2583 et

1260 2603 1384 2646 singula
1396 2603 1572 2646 privilegia,
1588 2601 1818 2641 immunitates,
1833 2601 2010 2644 exemptio-

1260 2663 1327 2687 nes.
1352 2652 1529 2691 facultates,
1543 2651 1670 2693 gratias,
1688 2650 1861 2685 libertates,
1888 2649 2010 2682 indulta

2033 244 2081 270 An.
2097 244 2127 270 C.
2148 242 2213 271 1567

2055 1655 2171 1677 Concessio
2183 1656 2213 1676 in-

2029 1687 2134 1709 dultorum
2152 1687 2213 1708 01111-

2028 1719 2089 1740 nibus
2133 1718 2215 1740 Mendi—

2028 1751 2120 1772 candum
2139 1750 2215 1776 elargi-

2029 1785 2105 1803 torum,
