2237 3100
255 319 306 346 Αη.
326 319 353 345 C.
373 319 438 347 156⁶).

280 1347 389 1369 Clausulae
404 1349 437 1370 de-

253 1381 380 1404 rog-ituriae.

497 309 562 344 210

455 372 589 407 notariis
608 384 667 418 pro
688 379 833 417 tempore
855 380 967 407 contra
992 374 1209 418 praesentium

458 428 593 460 sormam
614 431 642 459 et
666 433 822 467 tenorem,
845 428 930 470 quod
952 427 1044 465 absit,
1064 432 1209 459 emanata

457 486 486 513 et
508 482 608 520 saeta,
631 481 721 513 nulla
746 486 774 513 et
801 481 957 519 invalida,
979 492 1016 513 ac
1038 486 1158 514 extorta
1180 486 1206 513 et

456 534 654 577 subreptitia,
679 533 865 576 nulliusque
900 533 1025 565 roboris
1058 534 1105 566 vel
1139 545 1209 567 mo-

456 588 553 620 menti
575 588 641 619 sore
663 591 690 619 et
713 587 850 623 censeri,
873 587 1060 630 neminique
1082 594 1211 631 propte-

455 652 508 674 rea
531 640 698 683 suffragari
720 651 812 684 posse
828 640 877 673 vel
892 640 1022 677 debere:
1045 646 1072 674 et
1095 641 1136 674 ita
1153 653 1210 686 per

454 704 679 738 quoscumque
692 693 814 726 iudices
829 699 857 725 et
875 694 1209 739 eommissarios,qua-

454 748 498 779 vis
528 746 717 779 auctoritate
744 748 931 790 fungentes,
959 748 1055 781 etiam
1081 754 1209 782 sanetae

452 801 615 833 Romanae
632 801 793 833 Ecclesiae
814 801 993 848 cardinales
1026 813 1063 835 ao
1096 814 1208 836 causa-

452 865 525 886 rum
546 854 657 886 Palatii
678 855 851 898 Apostolici
877 855 1052 894 auditores,
1076 856 1107 888 in
1128 868 1207 901 qua-

453 907 498 939 vis
519 918 615 939 causa
636 912 666 940 et
690 907 856 948 instantia,
888 909 1013 941 sublata
1037 909 1082 942 eis
1103 915 1133 943 et
1153 921 1208 943 eo-

454 971 525 993 rum
560 961 691 994 cuilibet
727 962 837 1004 quavis
869 961 962 995 aliter
994 962 1158 996 iudicandi
1179 970 1209 997 et

454 1014 687 1057 interpretandi
708 1015 858 1048 facultate
879 1020 909 1048 et
929 1015 1137 1057 auctoritate,
1161 1018 1209 1050 iu-

454 1067 554 1100 dicari
576 1073 603 1100 et
625 1068 752 1101 definiri
773 1068 904 1108 debere,
926 1068 1054 1101 irritum
1078 1081 1208 1114 quoque

454 1126 484 1154 et
504 1121 598 1154 inane
619 1121 775 1165 quidquid
797 1132 890 1155 secus
910 1133 1008 1166 super
1027 1123 1077 1156 his
1097 1135 1114 1156 a
1130 1135 1209 1167 quo-

453 1185 570 1218 quam,
605 1174 716 1218 quavis
748 1176 952 1215 auctoritate,
989 1176 1128 1210 scienter
1160 1179 1208 1211 vel

454 1227 651 1270 ignoranter,
671 1228 842 1271 contigerit
866 1230 1027 1262 attentari.

496 1281 511 1324 ξ
531 1280 585 1313 33.
613 1281 681 1314 Non
703 1281 904 1314 obstantibus
925 1283 1210 1317 constitutionibus

453 1340 480 1367 et
518 1334 778 1368 ordinationibus
811 1336 1013 1379 apostolicis,
1037 1337 1209 1381 privilegiis

452 1398 583 1430 quoque
604 1393 632 1420 et
654 1388 787 1420 indultis
807 1389 911 1421 eidem
938 1389 1091 1422 tribunali
1112 1401 1148 1423 ae
1170 1391 1208 1423 il·

452 1440 515 1472 lius
534 1440 735 1474 auditoratus
755 1441 860 1474 officio
881 1452 917 1474 ac
937 1442 1089 1483 auditori,
1112 1444 1208 1476 etiam

452 1494 483 1526 in
496 1494 640 1527 eiusdem
651 1495 748 1528 officii
765 1495 929 1528 erectione
945 1501 976 1528 et
990 1496 1206 1539 institutione,

452 1558 487 1580 ae
509 1547 670 1581 iudicibus
685 1554 716 1581 et
730 1549 865 1581 notariis
880 1549 993 1593 ipsius,
1012 1550 1209 1595 illorumque

453 1602 609 1645 collegio,
631 1601 725 1635 etiam
752 1608 841 1635 motu
875 1603 1027 1647 proprio,
1051 1604 1208 1637 consisto-

451 1655 574 1688 rialiter
593 1666 629 1688 ac
650 1656 688 1688 de
709 1656 845 1689 fratrum
864 1657 1054 1690 eorumdem
1074 1659 1209 1692 consilio

452 1713 482 1742 et
502 1719 647 1749 assensu,
670 1709 728 1741 sub
753 1709 1016 1754 quibuscumque
1042 1712 1211 1745 tenoribus

452 1767 482 1794 et
502 1762 614 1794 formis
647 1773 683 1794 ac
714 1773 788 1794 cum
819 1762 984 1806 quibusvis
1004 1764 1159 1797 clausulis
1180 1770 1210 1798 et

452 1815 602 1854 decretis,
626 1815 657 1847 in
678 1826 796 1858 genere
820 1817 868 1848 vel
890 1816 921 1848 in
943 1817 1059 1860 specie,
1081 1823 1109 1850 et
1131 1818 1210 1851 alias

452 1868 713 1911 quomodolibet,
736 1869 831 1902 etiam
850 1881 908 1913 per
933 1880 1003 1910 nos,
1032 1872 1209 1912 concessis,

452 1922 637 1965 approbatis
657 1928 687 1954 et
709 1923 878 1963 innovatis,
900 1923 1019 1966 quibus
1044 1925 1207 1966 omnibus,

453 1975 547 2007 etiam
569 1976 613 2015 si,
638 1987 696 2021 pro
730 1976 860 2009 illorum
883 1978 1053 2011 sufficienti
1073 1978 1209 2022 deroga-

453 2031 556 2070 tione,
579 2031 617 2064 de
638 2031 700 2064 illis
721 2042 901 2075 eorumque
935 2032 1008 2065 totis
1041 2032 1211 2065 tenoribus

453 2084 613 2129 specialis,
636 2085 799 2129 specifica,
823 2086 986 2119 individua
1007 2091 1037 2119 et¹
1062 2097 1210 2130 expressa

453 2150 490 2172 ac
510 2139 549 2172 de
569 2140 666 2173 verbo
687 2141 724 2173 ad
756 2140 891 2173 verbum
906 2167 914 2180 ,
936 2151 1001 2173 non
1022 2146 1129 2173 autem
1153 2152 1211 2185 per

454 2194 616 2226 clausulas
653 2195 819 2236 generales
861 2194 947 2227 idem
980 2194 1208 2238 importantes,

455 2247 575 2281 mentio
597 2259 652 2281 seu
673 2248 804 2291 quaevis
819 2247 880 2280 alia
891 2247 1052 2291 expressio
1062 2248 1211 2281 habenda

455 2306 510 2334 aut
538 2301 646 2344 aliqua
680 2301 741 2333 alia
771 2301 927 2344 exquisita
948 2301 1051 2333 forma
1085 2302 1124 2334 ad
1149 2302 1211 2335 hoc

455 2356 609 2388 servanda
634 2356 730 2395 foret,
754 2360 883 2388 tenores
907 2355 1095 2404 huiusmodi
1116 2366 1210 2398 prae-

456 2408 598 2442 sentibus
618 2420 676 2452 pro
698 2408 895 2442 sufficienter
915 2408 1074 2452 expressis
1094 2409 1211 2442 haben-

455 2464 512 2497 tes,
534 2457 596 2490 illis
615 2459 693 2490 alias
713 2457 745 2490 in
767 2469 824 2491 suo
841 2458 958 2490 robore
979 2458 1212 2501 permansuris,

456 2507 516 2538 hac
535 2506 604 2539 vice
624 2507 798 2546 dumtaxat,
813 2506 995 2549 specialiter
1014 2511 1043 2539 et
1065 2516 1211 2549 expresse

457 2555 661 2597 derogamus,
676 2555 846 2588 contrariis
857 2555 1118 2599 quibuscumque
1132 2566 1139 2593 ;
1157 2560 1215 2587 aut

458 2604 482 2636 si
507 2604 690 2646 aliquibus,
714 2604 931 2637 communiter
954 2604 1003 2636 vel
1029 2603 1151 2636 divisim
1166 2629 1173 2641 ‚
1196 2614 1212 2636 a

458 2651 599 2696 praefata
633 2652 672 2684 sit
705 2652 785 2685 Sede
806 2652 968 2685 indultum
993 2652 1078 2695 quod
1114 2652 1213 2685 inter-

459 2700 542 2742 dici,
573 2700 725 2745 suspendi
759 2702 807 2734 vel
842 2701 1117 2735 excommunicari
1149 2711 1215 2734 non

1050 321 1229 345 m'LLARn'M
1254 320 1404 344 ROMANUM

1252 371 1372 416 possint
1395 383 1453 416 per
1472 372 1581 405 literas
1600 373 1791 416 apostolicas
1806 384 1871 407 non
1887 373 2005 407 facien-

1255 432 1299 459 tes
1319 426 1447 469 plenam
1469 431 1499 458 et
1523 436 1705 470 expressam
1730 438 1767 460 ac
1791 427 1829 460 de
1849 428 1945 461 verbo
1966 429 2004 460 ad

1252 480 1386 512 verbum
1421 479 1458 512 de
1488 479 1613 512 indulto
1645 479 1832 513 huiusmodi
1867 481 2004 514 mentio-

1253 544 1348 573 nem,
1384 538 1411 565 et
1446 532 1639 577 quibuslibet
1661 533 1730 566 aliis
1750 534 1933 578 privilegus,
1956 535 2005 567 in-

1252 586 1350 619 dultis
1392 592 1422 619 et
1464 586 1565 619 literis
1602 587 1785 630 apostolicis
1803 615 1809 628 ,
1845 589 2005 631 generali-

1252 641 1312 672 bus
1345 640 1393 672 vel
1427 639 1639 683 specialibus,
1657 651 1941 685 quorumcumque
1961 647 2006 674 te-

1253 704 1369 726 norum
1399 693 1550 733 existant,
1573 705 1632 738 per
1653 705 1755 738 quae,
1782 695 2006 738 praesentibus

1252 757 1315 779 non
1350 757 1498 790 expressa
1520 747 1569 779 vel
1594 747 1734 780 totaliter
1765 758 1831 781 non
1864 748 2003 788 inserta,

1251 799 1386 832 effectus
1401 800 1621 843 praesentium
1637 800 1786 845 impediri
1806 802 1908 834 valeat
1923 813 2005 845 quo-

1252 852 1428 885 modolibet
1446 853 1494 885 vel
1517 853 1651 894 differri,
1674 859 1704 887 et
1724 854 1762 887 de
1785 854 1904 898 quibus
1923 865 2004 898 quo-

1252 917 1391 949 rumque
1411 906 1486 939 totis
1506 907 1673 940 tenoribus
1697 907 1847 950 specifica
1861 935 1868 949 ,
1891 908 2005 942 indivi-

1251 959 1313 991 dua
1349 965 1379 992 et
1406 971 1553 1003 expressa
1575 971 1611 993 ac
1631 961 1670 993 de
1690 961 1787 993 verbo
1808 961 1847 994 ad
1871 962 2004 995 verbum

1251 1013 1399 1045 habenda
1427 1018 1509 1046 esset
1537 1013 1568 1045 in
1597 1013 1717 1046 eisdem
1752 1014 1854 1048 literis
1883 1016 2005 1050 mentio

1251 1066 1411 1109 specialis.

1294 1119 1309 1163 ἓ
1333 1118 1386 1152 34.
1424 1119 1462 1152 Ut
1481 1125 1589 1153 autem
1622 1125 1808 1164 praesentes
1836 1121 1947 1156 literae
1966 1122 2006 1156 ad

1251 1172 1397 1206 omnium
1419 1173 1565 1206 notitiam
1586 1174 1800 1215 deducantur,
1823 1182 1854 1209 et
1873 1186 2003 1217 omnes,

1251 1236 1391 1269 quorum
1412 1226 1543 1259 interest
1560 1227 1608 1259 vel
1634 1227 1787 1260 interesse
1807 1229 1937 1272 poterit,
1959 1229 2006 1262 af-

1252 1278 1359 1311 tieiant
1373 1306 1380 1317 ,
1403 1280 1554 1312 volumus
1587 1285 1615 1313 et
1650 1281 1844 1314 mandamus
1876 1282 2006 1316 illarum

1251 1332 1378 1376 copiam
1399 1332 1432 1365 in
1452 1333 1562 1365 Palatii
1580 1334 1681 1366 nostri
1701 1334 1878 1378 Apostolici
1898 1347 1935 1369 ac
1954 1336 2008 1372 do-

1251 1396 1324 1418 mus
1353 1396 1408 1418 seu
1438 1386 1552 1419 Curiae
1577 1387 1709 1430 praefati
1733 1388 1890 1422 auditoris
1912 1391 2008 1424 valvis

1251 1444 1278 1472 et
1301 1439 1369 1472 acie
1389 1439 1499 1482 Campi
1520 1440 1633 1473 Florae
1643 1440 1740 1484 affigi,
1759 1447 1789 1474 et
1804 1441 1935 1484 ibidem,
1955 1455 2007 1478 re-

1252 1492 1325 1525 licta
1343 1503 1456 1525 earum
1478 1493 1582 1537 copia,
1601 1494 1789 1537 aliquandiu
1805 1496 1954 1538 detineri,
1972 1502 2008 1531 ut

1252 1545 1291 1585 ii,
1315 1556 1397 1590 quos
1416 1546 1528 1579 literae
1544 1546 1632 1591 ipsae
1648 1554 1852 1581 concernunt
1861 1560 1917 1583 seu
1929 1561 2007 1584 con-

1252 1604 1387 1632 cernent
1407 1599 1438 1632 in
1456 1601 1614 1641 futurum,
1633 1601 1719 1644 quod
1736 1601 1775 1634 ad
1791 1601 1934 1646 ipsorum
1951 1614 2009 1638 no-

1252 1653 1354 1685 titiam
1372 1663 1437 1686 non
1459 1654 1664 1697 pervenerint
1684 1655 1731 1687 vel
1752 1655 1823 1688 illas
1843 1656 2010 1699 ignorave-

1252 1706 1327 1747 rint,
1345 1717 1411 1749 quo
1427 1707 1535 1740 minus
1552 1718 1606 1740 eos
1626 1712 1762 1748 aretem,
1781 1709 1914 1752 perinde
1929 1721 1966 1744 ac
1982 1711 2008 1744 si

1252 1760 1298 1792 eis
1318 1760 1531 1804 personaliter
1551 1761 1714 1794 intimatae
1738 1762 1863 1804 forent,
1884 1765 2008 1798 nullam

1252 1814 1376 1858 possint
1386 1815 1625 1848 excusationem
1637 1816 1849 1859 praetendere
1858 1817 1906 1850 vel
1918 1817 2009 1861 igno-

1252 1863 1388 1897 rantiam
1410 1865 1567 1907 allegare,
1592 1875 1666 1897 cum
1687 1876 1752 1898 non
1774 1866 1812 1898 sit
1836 1866 2008 1901 verisimile

1253 1913 1337 1956 apud
1359 1924 1414 1946 eos
1430 1924 1599 1947 remanere
1620 1914 1819 1957 incognitum
1841 1916 1928 1960 quod
1944 1921 2008 1949 tam

1253 1967 1398 2005 patenter
1418 1962 1557 1995 extiterit
1576 1963 1790 2006 publicatum.

1297 2014 1311 2056 ς
1331 2012 1384 2045 35.
1412 2012 1497 2044 Nulli
1518 2022 1595 2055 ergo
1616 2013 1750 2045 omnino
1771 2013 1942 2047 hominum
1969 2013 2008 2046 li-

1253 2111 1437 2153 dinationis‚
1459 2111 1699 2151 declarationis,
1721 2111 1934 2152 inhibitionis,
1955 2112 2010 2145 de-

1254 2162 1344 2202 creti,
1367 2161 1601 2204 derogationis,
1623 2160 1796 2194 voluntatis
1810 2165 1847 2193 et
1865 2160 2009 2195 mandati

1254 2211 1428 2254 infringere
1462 2211 1510 2243 vel
1549 2211 1578 2243 ei
1612 2221 1693 2243 ausu
1726 2209 1900 2244 temerario
1930 2221 2008 2244 con-

1254 2260 1363 2293 traire.
1386 2260 1419 2293 Si
1439 2259 1512 2303 quis
1531 2264 1639 2292 autern
1661 2263 1717 2292 etc.

1296 2308 1410 2341 Datum
1432 2308 1552 2341 Rornae
1573 2308 1658 2351 apud
1681 2307 1835 2341 Sanctum
1855 2307 2007 2349 Petrum,

1254 2368 1338 2390 anno
1368 2357 1601 2391 incarnationis
1628 2356 1810 2390 dominicae
1836 2356 2008 2390 millesimo

1254 2406 1512 2449 quingentesimo
1529 2405 1881 2449 sexagesimoseoundo,
1893 2410 2007 2449 quarto

1255 2466 1356 2489 nonas
1376 2455 1466 2496 iunii,
1488 2455 1695 2500 pontificatus
1709 2454 1809 2487 nostri
1830 2464 1914 2487 anno
1932 2464 1977 2488 111.

1254 2507 1282 2547 ἢ·
1302 2506 1368 2549 Ego
1388 2505 1478 2545 Pus,
1501 2505 1679 2538 catholicae
1699 2502 1860 2537 Ecclesiae
1881 2503 2007 2547 episco-

1345 2565 1417 2598 pus.

1299 2603 1485 2647 Sequwztm·
1514 2602 1735 2636 cardinalium
1761 2602 2010 2645 subscriptiones

1256 2657 1284 2685 ct
1297 2653 1486 2695 publicatio.

1298 2705 1360 2736 Dat.
1384 2707 1430 2736 die
1448 2706 1466 2735 ⁶2
1489 2704 1563 2735 iunii
1586 2704 1673 2743 1562,
1695 2703 1799 2745 pontif.
1822 2713 1899 2735 anno
1920 2712 1962 2735 111.

2023 321 2070 347 Αη.
2089 322 2199 350 01562

2047 1132 2115 1154 lussio
2136 1133 2206 1160 publi-

2021 1165 2082 1185 candi
2098 1164 2152 1186 hane
2161 1165 2206 1186 but-

2021 1195 2069 1216 lum.

2050 2029 2136 2052 Sanctio
2156 2033 2210 2057 poe·
2230 2055 2235 2058 ¹

1253 2067 1322 2094 ceat
1342 2063 1424 2095 hanc
1445 2063 1595 2107 paginam
1611 2067 1799 2095 nostrorum
1820 2062 1941 2102 statuti,
1959 2073 2011 2096 or·
2024 2061 2088 2083 '‘³¹⁵⁵-
