2237 3100
255 246 303 272 An.
322 244 350 272 C.
369 245 437 272 ¹570

495 234 559 268 806

453 298 548 334 libus,
564 296 734 340 prioribus,
750 295 940 331 rectorilms,
956 292 1126 336 priorissis,
1142 292 1201 324 fra-

454 351 555 384 tribus
579 355 609 383 et
643 348 810 391 religiosis,
834 347 929 380 etiam
951 346 1143 379 mulieribus
1163 347 1201 379 de

452 404 557 437 Tertio
577 403 694 437 Ordine
715 402 761 434 rel
774 401 877 434 Beatis
896 411 953 433 scu
975 400 1054 433 alias
1073 410 1201 433 nuncu-

453 457 544 501 patis,
566 455 750 489 domibusve
766 481 773 494 ‚
795 452 1014 493 monasteriis,
1038 453 1202 486 conventi-

452 511 512 543 bus
530 536 536 547 ,
570 508 713 551 collegiis
750 512 781 540 et
805 506 875 539 aliis
911 506 992 539 locis
1031 506 1202 550 praedictis

452 561 677 601 concedendis,
700 561 822 593 nullam
843 559 882 592 de
899 559 1030 592 incursu
1053 570 1202 593 censura-

452 627 523 649 rum
545 621 571 647 et
595 625 772 658 poenarum
807 624 844 646 ac
873 613 1130 656 irregularitatis,
1154 613 1201 645 in-

452 667 749 707 liabilitatis,aliisve
770 667 1077 709 transgressionilms
1089 667 1201 699 liuius-

452 722 537 754 modi
564 721 758 754 mentionem
794 721 899 754 faeere
918 748 925 760 ‚
964 720 1135 764 minusque
1163 720 1201 753 ad

451 774 633 807 docendum
655 774 692 807 de
713 784 826 807 eorum
852 773 1047 817 privilegiis,
1069 784 1200 807 eonces-

451 827 605 867 sionibus,
632 827 751 869 gratiis,
777 832 811 859 ut
836 827 1028 870 praefertur,
1051 827 1099 859 vel
1125 827 1202 860 alias

450 880 508 913 sibi
521 880 690 918 concessis,
707 879 857 913 litterisve
871 890 927 913 seu
948 879 1018 912 aliis
1033 881 1202 925 scripturis

448 934 587 977 desuper
607 933 772 973 confectis,
799 943 926 967 necnon
958 934 998 966 ad
1024 933 1201 968 iustifican-

448 987 523 1019 dum
550 998 682 1027 causaS,
711 992 843 1031 propter
867 998 946 1030 quas
980 987 1034 1020 illa
1071 989 1119 1021 vel
1140 989 1201 1021 alia

448 1040 556 1073 onmia
581 1039 756 1084 praemissa
775 1050 926 1073 concessa
948 1041 1087 1079 fuerunt,
1104 1042 1151 1074 rel
1169 1042 1200 1074 in

448 1105 560 1127 eorum
597 1095 738 1128 favorem
768 1094 1009 1137 quomodolibet
1032 1105 1200 1128 emanave-

448 1152 534 1187 runt,
555 1147 650 1180 etiam
668 1158 778 1180 coram
799 1148 946 1180 locorum
967 1148 1138 1181 ordinariis
1153 1149 1200 1181 vel

447 1201 516 1233 aliis
546 1201 717 1244 personis,
754 1201 849 1233 etiam
884 1201 974 1234 Sedis
998 1202 1200 1244 Apostolicae

447 1254 635 1288 auctoritate
656 1259 686 1286 et
713 1253 862 1287 facultate
888 1254 1039 1294 suffultis,
1058 1255 1125 1287 ullo
1143 1266 1199 1288 un-

446 1318 544 1350 quam
566 1314 710 1350 tempore
731 1312 913 1346 teneantur,
935 1307 974 1340 ad
1008 1307 1104 1350 idque
1126 1309 1199 1340 nul-

447 1362 572 1394 latenus
607 1360 677 1404 cogi
711 1365 767 1393 aut
800 1360 952 1403 compelli
977 1361 1112 1404 possint,
1146 1362 1199 1395 sed

447 1425 560 1447 eorum
592 1424 629 1446 ac
660 1423 772 1446 earum
798 1413 1011 1456 possessioni,
1034 1419 1198 1456 tamquam

448 1468 531 1501 iusto
547 1472 575 1501 et
602 1467 745 1511 legitimo
767 1467 860 1500 titulo
880 1478 917 1500 ac
938 1467 1008 1501 iure
1028 1467 1198 1510 acquisito,

448 1521 535 1562 stari,
563 1522 594 1555 in
616 1532 718 1564 eaque
743 1520 947 1555 manuteneri
968 1526 999 1554 ct
1018 1522 1199 1555 conservari

447 1575 594 1615 debeant,
622 1574 741 1608 eisdem
761 1574 952 1608 auctoritate
974 1580 1002 1607 et
1016 1580 1139 1614 tenore,
1162 1575 1200 1608 de

448 1628 579 1671 speciali
610 1628 723 1671 gratia,
770 1628 986 1671 indulgemus.
1036 1628 1198 1669 Ceterum,

448 1681 535 1725 quod
561 1687 624 1714 tam
644 1681 829 1715 huiusmodi
860 1687 1045 1725 praesentes
1073 1688 1200 1716 nostrae

449 1735 522 1767 etin
538 1734 583 1768 eis
602 1740 752 1768 contenta
772 1745 1010 1779 quaecumque,
1024 1746 1120 1778 quam
1133 1746 1201 1768 om-

448 1798 504 1821 nes
518 1793 549 1821 et
568 1788 713 1831 singulae
727 1789 808 1821 aliae
821 1789 1200 1832 concessiones,tlispe11-

448 1841 600 1881 sationes,
627 1841 761 1881 indulta,
783 1841 904 1883 gratiae
924 1846 953 1875 et
975 1841 1139 1885 privilegia
1156 1842 1201 1875 eis

449 1899 479 1927 et
491 1905 604 1928 eorum
616 1895 751 1938 singulis
765 1905 915 1928 concessa
932 1902 962 1928 et
980 1896 1197 1936 concedenda,

448 1949 487 1982 de
513 1948 731 1991 subreptionis
759 1948 807 1981 vel
834 1948 1033 1992 obreptionis
1053 1954 1107 1982 aut
1126 1950 1200 1982 nnl-

449 2001 544 2035 litatis
569 2012 625 2034 seu
650 2001 838 2034 intentionis
858 2007 986 2034 nostrae
1011 2002 1137 2034 defectu
1153 2003 1200 2035 vel

449 2055 511 2088 alio
548 2054 622 2087 vitio
661 2054 764 2087 notari
802 2054 850 2087 vel
888 2054 1073 2098 impugnari
1111 2056 1201 2088 nullo

450 2109 546 2141 modo
563 2108 698 2152 possint,
717 2108 771 2141 sed
792 2119 894 2151 aeque
923 2109 1048 2141 valeant
1067 2120 1104 2141 ac
1120 2109 1145 2142 si
1163 2110 1200 2142 de

450 2162 644 2205 supradictis
664 2162 814 2195 omnibus
849 2167 878 2195 et
914 2162 1047 2204 singulis
1081 2162 1201 2195 mentio

449 2215 600 2259 specifica
625 2220 655 2248 et
675 2215 837 2248 individua
863 2215 965 2248 fieret.
989 2215 1026 2248 Et
1046 2216 1104 2248 sub
1129 2216 1201 2259 qui-

448 2269 555 2301 busvis
568 2268 721 2301 similium
738 2269 787 2301 vel
799 2268 1003 2301 dissimilium
1025 2269 1201 2311 gratiarum

449 2322 716 2362 revocationibus,
738 2321 1017 2365 suspensionibus,
1039 2321 1203 2355 limitatio-

450 2375 556 2417 nibus,
584 2375 847 2419 derogationibus
880 2380 911 2408 et
943 2375 1013 2407 aliis
1033 2375 1203 2408 contrariis

451 2423 714 2467 dispositionibus
751 2435 809 2468 per
833 2434 892 2457 nos
923 2429 953 2457 et
978 2434 1202 2467 quoscumque

450 2472 611 2505 Romanos
630 2473 802 2506 Pontifices
815 2500 822 2513 ‚
845 2472 1000 2506 mediatos
1019 2474 1067 2505 vel
1088 2473 1202 2506 inime-

451 2520 552 2555 diatos
569 2532 772 2556 successores
781 2528 920 2563 nostros,
935 2522 1025 2555 factis
1041 2527 1069 2555 et
1086 2522 1204 2555 facien-

452 2569 511 2610 dis,
534 2580 570 2603 ac
590 2570 806 2605 Cancellariae
830 2571 1034 2616 Apostolicae
1069 2571 1200 2614 regulis,

451 2618 544 2653 editis
564 2624 595 2652 et
615 2619 758 2661 edendis,
784 2621 971 2654 nullatenus
991 2619 1204 2664 comprehen-

1045 237 1225 263 BULLARIUM
1249 236 1401 261 ROMANUM

1243 291 1373 329 dantur,
1387 290 1441 323 sed
1456 300 1583 333 semper
1594 290 1633 322 ab
1646 290 1707 322 illis·
1719 296 1861 334 excepta‚
1874 296 1900 324 et
1918 301 1996 334 quo-

1245 344 1302 376 ties
1326 344 1398 376 illae
1424 343 1631 383 emanabant,
1660 343 1750 376 toties
1771 344 1803 376 in
1825 344 1995 387 pristinum

1245 402 1275 429 et
1298 396 1529 429 validissimum
1556 400 1671 428 statum
1713 397 1858 430 restituta
1892 403 1921 430 et
1957 397 1996 429 de,

1244 460 1325 483 novo
1347 460 1498 483 concessa
1510 459 1577 482 esse
1598 455 1802 490 censeantur3
1826 450 1948 494 sicque,
1966 451 1996 484 in

1244 502 1429 547 praemissis
1449 503 1600 535 omnibus
1625 508 1655 535 et
1675 503 1810 545 singulis
1826 514 1884 547 per
1903 515 1997 547 quos-

1245 567 1386 599 cumque
1406 556 1530 589 iudices
1550 561 1581 589 et
1601 556 1841 589 commissarios
1856 583 1866 596 ,
1888 557 1998 600 quavis

1244 610 1434 643 auctoritate
1468 610 1662 652 fungentes,
1699 610 1794 643 etiam
1827 621 1998 644 causarum

1244 663 1355 696 Palatii
1380 663 1555 706 Apostoliei
1590 663 1754 697 auditores
1784 675 1821 696 ae
1846 663 1877 697 S.
1901 664 1937 697 R.
1960 665 1995 697 E.

1245 717 1435 753 cardinales,
1467 716 1591 749 sublata
1611 716 1656 748 eis
1677 721 1704 749 et
1727 727 1840 749 eorum
1866 716 2000 750 cuilibet

1244 770 1354 813 quavis
1389 769 1482 802 aliter
1516 769 1679 802 iudicandi
1710 774 1741 802 et
1765 769 1997 813 interpretandi

1245 824 1393 856 facultate
1414 828 1441 855 et
1467 822 1658 855 auctoritate
1677 849 1683 862 ,
1710 822 1846 856 iudicari
1866 828 1897 856 et
1917 823 1998 856 defi-

1245 876 1305 909 niri
1331 876 1460 915 debere,
1477 886 1513 908 ac
1533 875 1689 919 quicquid
1713 886 1806 909 secus
1831 886 1929 920 super
1948 876 1998 910 liis

1244 941 1261 962 a
1281 940 1460 974 quoquam,
1483 929 1595 972 quavis
1615 929 1821 973 auctoritate,
1859 929 1999 964 scienter

1243 984 1290 1016 vel
1315 984 1513 1027 ignoranter,
1537 983 1685 1016 attentari
1718 983 1900 1026 contigerit,
1923 983 1997 1016 irri-

1244 1042 1311 1069 tum
1333 1041 1363 1069 et
1383 1037 1477 1069 inane
1503 1036 1721 1069 decernimus.

1287 1090 1301 1131 ἓ
1327 1090 1358 1123 7.
1381 1089 1548 1129 Quocirca,
1568 1089 1742 1123 venerabili
1768 1089 1857 1122 fratri
1889 1095 1998 1124 nostro

1243 1142 1353 1176 loanni
1374 1143 1528 1186 episcopo
1548 1142 1730 1183 Portuensi‚
1754 1143 1911 1176 cardinali
1933 1144 1998 1177 Μο-

1242 1209 1323 1232 rono
1357 1203 1558 1241 nuncupato,
1594 1197 1670 1230 dieti
1695 1197 1824 1231 Ordinis
1858 1198 1998 1232 fratrum

1242 1251 1503 1284 Praedicatorum
1539 1250 1732 1294 protectori,
1760 1256 1790 1284 et
1822 1251 1998 1285 venerabili

1243 1303 1331 1336 fratri
1370 1303 1523 1347 episeopo
1562 1303 1715 1336 Amerino
1732 1330 1740 1343 ‚
1779 1303 1997 1337 Cancellariae

1241 1356 1442 1400 Apostolicae
1464 1357 1598 1400 regenti,
1621 1356 1774 1390 ac·etiam
1795 1357 1912 1391 dilecto
1930 1357 1997 1392 filio

1241 1410 1356 1443 Curiae
1389 1421 1561 1443 causarum
1600 1410 1754 1444 Gamerae
1791 1411 1997 1455 Apostolicae

1242 1464 1383 1506 generali
1408 1464 1562 1505 auditori,
1598 1475 1686 1497 nunc
1710 1470 1741 1498 et
1765 1475 1824 1509 pro
1849 1471 1997 1509 tempore

1242 1517 1462 1557 existentibus,
1486 1528 1544 1561 per
1569 1523 1764 1561 praesentes,
1784 1524 1873 1552 motu
1901 1518 1997 1553 simili

1244 1572 1433 1605 mandamus
1470 1577 1630 1615 quatenus
1663 1572 1723 1615 ipsi
1759 1573 1808 1606 vel
1841 1573 1905 1606 duo
1943 1578 1999 1606 aut

1243 1636 1327 1658 unus
1347 1636 1473 1666 eorum,
1496 1637 1554 1670 per
1574 1637 1607 1659 se
1626 1627 1674 1658 vel
1700 1626 1801 1659 alium
1826 1637 1883 1660 seu
1903 1627 1995 1668 alios,

1244 1684 1426 1722 praesentes
1440 1679 1561 1712 litteras
1581 1679 1659 1712 etin
1676 1679 1720 1712 eis
1740 1684 1890 1713 contenta
1900 1690 1998 1723 quae-

1243 1743 1396 1776 cumque,
1419 1733 1474 1765 ubi
1495 1737 1525 1766 et
1552 1733 1682 1776 quando
1717 1744 1799 1777 opus
1823 1733 1932 1774 suerit,
1959 1744 1997 1767 ac

1242 1786 1369 1829 quoties
1388 1797 1447 1830 pro
1464 1792 1553 1830 parte
1575 1786 1718 1830 magistri
1738 1787 1908 1829 generalis,
1923 1797 1998 1831 pro-

1243 1839 1440 1881 vincialium,
1467 1840 1626 1883 priorum,
1649 1845 1823 1880 rectorum,
1850 1839 1997 1880 fratrum,

1244 1893 1445 1933 monialium,
1468 1904 1617 1927 sororum
1644 1893 1848 1936 aliorumque
1870 1893 1998 1936 praedi-

1243 1952 1369 1980 ctorum
1396 1947 1513 1980 fuerint
1548 1947 1706 1991 requisiti,
1731 1946 1918 1980 solemniter
1936 1957 1998 1990 pu-

1243 2000 1408 2041 blicantes,
1433 2011 1470 2033 ac
1495 2001 1557 2033 illis
1582 2001 1614 2033 in
1640 1999 1826 2044 praemissis
1847 2000 1999 2034 omnibus

1243 2059 1271 2087 et
1302 2054 1437 2097 singulis
1458 2054 1598 2087 efficacis
1623 2053 1819 2087 defensionis
1838 2053 1998 2098 praesidio

1243 2106 1436 2148 assistentes,
1457 2108 1575 2141 faciant
1590 2106 1780 2141 auctoritate
1800 2112 1909 2140 nostra
1926 2107 1999 2140 illos

1244 2166 1273 2194 et
1293 2171 1406 2193 eorum
1429 2160 1571 2204 singulos
1600 2160 1854 2205 approbatione,
1877 2160 1998 2194 confir-

1244 2214 1396 2254 matione,
1407 2214 1598 2255 adiectione,
1608 2213 1824 2258 suppletione,
1835 2224 1916 2247 nova
1925 2223 1999 2247 con-

1244 2268 1407 2307 cessione,
1430 2267 1615 2307 donatione,
1639 2267 1840 2309 elargitione,
1863 2267 1996 2308 unione,

1244 2321 1435 2361 annexione,
1472 2320 1745 2364 incorporatione,
1781 2319 1995 2360 absolutione,

1243 2374 1389 2418 plenaria
1400 2374 1616 2415 restitutione,
1629 2373 1851 2417 responsione,
1865 2377 1996 2412 statuto,

1245 2424 1370 2456 indulto
1409 2429 1439 2457 et
1477 2424 1607 2457 decreto
1642 2423 1777 2466 aliisque
1813 2421 1998 2465 praemissis

1245 2472 1380 2516 pacifice
1401 2472 1463 2505 frui
1484 2478 1513 2505 et
1533 2473 1673 2516 gaudere
1693 2483 1700 2511 ;
1721 2481 1787 2504 non
1808 2470 1998 2515 permitten-

1246 2526 1292 2554 tes
1316 2531 1371 2554 eos
1390 2531 1447 2554 seu
1472 2532 1586 2554 eorum
1611 2521 1752 2564 aliquem
1781 2519 1921 2562 desuper
1940 2530 1999 2563 per

1245 2580 1469 2612 quoscumque
1490 2569 1734 2613 quomodolibet
1766 2567 1907 2601 indebite
1927 2578 1998 2601 mo-

1246 2618 1365 2656 lestari,
1385 2618 1569 2662 perturbari
1589 2623 1645 2651 aut
1663 2616 1850 2661 inquietari,
1871 2622 1999 2651 contra,-

2012 235 2062 264 Αη.
2079 235 2107 263 (Ξ.
2129 235 2196 263 1570

2047 1101 2194 1129 Exequuiomfl

2013 1133 2101 1154 huiusce
2114 1134 2196 1154 consti-

2013 1165 2100 1185 tutionis
2129 1165 2196 1191 depu-

2013 1198 2049 1216 tat.
