2237 3100
28 286 77 313 An.
94 285 124 313 C.
143 285 211 313 ¹566

63 715 206 742 'r·.=nsumptis

23 747 74 768 fides
106 746 204 767 adhiben.

45 1937 158 1958 Rex-oemio
174 1936 203 1957 ta-

17 1968 102 1989 cuit-atis
142 1968 203 1989 cele—

17 2000 90 2021 brandi
127 2000 202 2020 missas

18 2035 114 2058 tempore
155 2037 202 2052 ves-

18 2064 109 2090 pertine.

905 283 973 308 PIUS
992 283 1011 306 V
1035 283 1082 306 1²1².

1669 271 1733 306 433

224 347 315 370 mum
335 341 500 381 poterunt,
523 347 576 370 eas
596 341 625 369 ct
646 336 852 380 promulgent
868 336 927 380 ipsi
944 336 975 369 in
1018 340 1145 378 gentes,
1185 334 1325 368 diversas
1358 333 1506 367 licentias
1542 339 1573 367 et
1610 334 1777 367 facultates

225 389 404 424 civitatibus
424 389 489 423 suis
510 395 540 422 et
559 400 576 422 a
597 389 808 432 suffraganeis
819 389 884 422 suis
899 400 975 432 pro-

224 443 415 486 mulgandas
440 448 567 476 curent.
594 442 673 486 Ipsis
701 453 776 475 vero
801 442 973 487 episcopis,

224 501 257 529 ut
282 495 388 529 statim
408 496 469 540 ipsi
489 506 621 539 quoque
643 506 700 538 per
719 496 879 539 parochos
899 506 975 528 suae

223 549 381 593 cuiusque
401 560 516 582 eorum
546 549 680 581 civitatis
699 554 795 592 atque
819 548 976 582 dioecesis

222 613 276 636 eas
295 602 414 636 saciant
429 602 602 646 publicari.

266 656 281 699 ἓ
301 656 331 689 7.
364 656 397 689 Id
422 666 496 689 vero
525 666 590 699 quo
620 654 745 688 facilius
765 654 835 688 fieri
856 654 973 698 possit,

222 709 433 753 transumptis
452 709 596 752 ipsarum
616 708 796 748 literarum,
812 707 976 741 manuali-

222 762 315 796 euius
334 762 457 806 publici
479 761 597 794 notarii
621 761 749 805 serIptis
769 761 975 805 subscriptis-

220 827 269 857 ve,
298 816 346 849 vel
366 816 400 848 in
425 816 486 849 liae
508 816 593 848 alma
621 815 705 848 L'rbe
734 820 789 847 aut
814 814 890 847 alibi
917 814 976 847 im-

221 869 350 914 pressis,
369 874 400 902 et
415 868 519 912 sigillo
535 879 572 901 ac
588 867 826 911 subscriptione
842 867 976 900 munitis

220 933 377 967 personae
397 922 430 954 in
450 922 603 964 dignitate
624 920 841 955 ecclesiastiea
861 919 977 953 consti-

220 982 318 1017 tutae,
341 976 449 1016 fidem,
470 975 539 1009 sine
559 975 625 1008 ulla
641 974 851 1013 dubitatione,
864 973 975 1007 haberi

219 1030 369 1063 volumus
387 1034 484 1073 atque
508 1028 730 1069 decernimus,
753 1027 976 1071 praesentibus

220 1088 294 1128 post
313 1082 453 1127 primam
474 1082 575 1116 vicem
597 1081 731 1115 minime
750 1081 906 1114 valituris.

262 1137 378 1170 Datum
398 1136 518 1169 Romae
543 1136 629 1179 apud
654 1135 809 1168 Sanctum
829 1135 972 1173 Petrum,

219 1190 279 1223 suh
295 1189 416 1223 annulo
427 1188 608 1228 piscatoris,
626 1188 677 1221 die
688 1198 719 1221 ix
730 1187 974 1227 martiiimval,

221 1242 429 1287 pontificatus
444 1242 544 1275 nostri
561 1252 646 1274 anno
666 1251 688 1274 1.

337 1297 411 1329 Ant.
438 1289 639 1329 Florebellus
659 1294 853 1328 Lavellinus.

272 1354 334 1384 Dat.
357 1353 404 1384 die
427 1353 445 1384 9
468 1353 566 1382 martii
591 1352 676 1388 1566,
690 1351 793 1391 pontif.
810 1360 886 1381 anno
903 1360 922 1381 1.

556 1494 633 1527 VIII.

219 1572 391 1606 Revocatzsso
420 1570 600 1615 privileqii,
621 1570 868 1613 quibuscumque
900 1578 975 1601 con-

262 1626 357 1666 cessi,
409 1624 592 1658 celebrandi
633 1624 748 1656 missas
796 1623 976 1666 vespertino

263 1684 403 1723 tempore
422 1679 450 1711 1.

217 1760 414 1790 sanctissimus
436 1760 465 1788 in
493 1758 604 1788 Christo
627 1759 708 1795 pater
728 1758 758 1786 et
782 1757 906 1786 dominus
925 1764 975 1785 no-

262 1815 334 1847 ster,
350 1813 476 1842 dominus
494 1812 555 1842 Pius
574 1811 666 1841 divina
680 1811 851 1846 providentia
862 1811 934 1846 Papa
944 1811 962 1838 V

260 1880 327 1924 §l
354 1879 502 1913 Adcuius
538 1878 685 1912 notitiam
714 1877 854 1921 pervenit
883 1876 970 1920 quod

217 1934 366 1967 nonnulli
387 1932 633 1972 cathedralium,
655 1932 749 1965 etiam
780 1931 888 1964 forsan
909 1940 975 1963 me-

217 1987 497 2031 tropolitanarum,
520 1985 763 2028 collegiatarum
787 1990 817 2017 et
839 1983 975 2016 aliarum

217 2041 439 2081 eeclesiarum,
455 2050 584 2073 necnon
595 2038 881 2077 monasteriorum,
902 2047 978 2070 con-

217 2100 384 2135 ventuum,
403 2094 577 2127 domorum
595 2097 625 2126 et
639 2092 778 2125 alioruin
792 2091 919 2134 piorum
932 2091 978 2122 lo-

218 2159 332 2183 corum
362 2146 578 2181 saecularium
605 2151 635 2179 et
664 2145 863 2178 diversorum
885 2144 977 2178 Ordi-

217 2213 297 2236 num
315 2213 351 2235 ac
372 2201 561 2234 militiarum
591 2198 792 2241 regularium
823 2197 975 2242 praelati,

218 2255 371 2300 capitula,
393 2253 513 2293 clerici,
533 2254 646 2286 fratres
657 2252 775 2295 aliique
796 2251 978 2294 superiores

218 2316 249 2344 et
269 2319 439 2353 personae,
467 2307 637 2350 antiquum
666 2310 794 2338 sanctae
815 2305 978 2338 Romanae

218 2362 379 2397 Ecclesiae
394 2361 493 2394 ritum
515 2360 547 2392 in
564 2358 688 2392 statutis
708 2358 880 2391 missarum
897 2357 979 2391 cele-

217 2417 418 2450 brandarum
436 2412 639 2457 temporibus
664 2416 867 2456 praevertere
896 2416 978 2444 sata-

259 2493 270 2518 i
288 2492 423 2519 Consonat
434 2488 678 2524 Concil..T1-ident.‚
691 2495 745 2522 quo
756 2486 907 2521 disponitur
919 2487 980 2514 mis-

220 2543 264 2563 sas
280 2535 378 2562 debitis
397 2535 469 2561 horis
485 2533 625 2564 celebrari,
647 2532 671 2558 in
691 2539 749 2566 cap.
774 2532 890 2565 Qunam,
912 2539 977 2558 sess.

221 2587 305 2612 xxu„
329 2581 366 2606 Dc
385 2578 480 2612 Sacris.
503 2580 608 2605 Missae.
631 2575 691 2611 Quo
719 2583 785 2602 vero
804 2575 837 2601 ad
863 2575 980 2602 celebra-

222 2625 320 2652 tionem
345 2622 488 2650 missarum
516 2622 567 2648 ritu
593 2622 692 2647 Graeco
719 2623 745 2646 et
765 2619 878 2652 Latino,
899 2619 981 2646 habes

220 2668 263 2696 hic
278 2668 344 2695 infra
364 2669 389 2694 in
409 2666 517 2694 constit.
535 2673 595 2697 xxi,
612 2666 792 2692 Providentia.

301 2712 376 2743 Bull.
394 2711 472 2743 Rom.
496 2711 550 2741 Vol.
579 2710 635 2741 Vll.
821 2708 860 2738 55

1018 388 1141 428 missas,
1170 399 1253 431 quae
1279 387 1383 421 media
1403 393 1497 420 nocte
1518 398 1574 420 seu
1595 387 1627 419 in
1656 398 1775 420 aurora

1016 441 1195 475 Nativitatis
1211 452 1248 474 ac
1265 441 1304 474 de
1326 451 1420 473 mane
1436 440 1699 474 Resurrectionis
1713 441 1775 474 Do-

1018 494 1096 527 mini
1113 494 1213 527 nostri
1234 495 1304 527 Iesu
1323 493 1451 535 Christi,
1469 499 1497 527 et
1509 494 1616 527 forsan
1637 494 1774 527 aliarum

1017 547 1235 587 festivitatum,
1254 548 1340 580 iuxta
1355 547 1558 591 praedictum
1568 547 1678 588 ritum,
1693 548 1775 581 cele-

1017 601 1105 633 brari
1121 606 1367 647 consueverant,
1389 601 1427 633 de
1444 610 1528 640 sero,
1552 600 1647 634 etiam
1666 601 1773 634 forsan

1018 654 1104 687 cirea
1139 654 1214 687 solis
1243 664 1395 687 occasum
1420 653 1546 696 vigiliae
1566 653 1773 687 festivitatum

1018 707 1219 747 earumdem,
1238 707 1271 739 in
1296 707 1363 739 suis
1388 706 1533 740 ecelesiis
1563 712 1593 740 et
1619 707 1774 750 cappellis

1018 759 1203 793 celebrandi
1220 771 1276 793 seu
1291 760 1447 793 celebrari
1465 759 1615 800 faciendi,
1636 760 1676 792 ab
1692 761 1775 803 Apo-

1018 813 1131 846 stolica
1159 814 1240 847 Sede
1269 813 1318 847 vel
1357 814 1426 847 eius
1459 813 1583 856 legatis,
1615 824 1652 846 ac
1677 814 1772 847 etiam

1018 866 1132 899 maiori
1154 866 1402 910 poenitentiario
1435 877 1493 910 pro
1526 872 1674 910 tempore
1708 866 1774 900 exi-

1018 924 1120 953 stente
1138 920 1233 952 variis
1253 920 1470 963 praetextibus
1504 920 1773 963 impetraverunt,

1017 973 1146 1016 illisque
1177 973 1370 1016 iampridem
1391 978 1540 1006 utuntur:
1567 973 1629 1006 hoe
1655 974 1694 1007 ab
1714 984 1772 1007 an-

1017 1027 1108 1070 tiquo
1143 1026 1322 1060 catholicae
1342 1026 1505 1060 Ecclesiae
1521 1026 1679 1067 instituto,
1698 1038 1771 1060 san-

1018 1085 1211 1124 ctorumque
1226 1080 1359 1112 Patrum
1375 1079 1512 1113 decretis
1528 1079 1654 1113 deviare
1671 1081 1774 1114 consi-

1018 1134 1143 1173 derans,
1160 1143 1197 1166 ac
1214 1137 1387 1176 propterea
1403 1133 1492 1166 hunc
1512 1132 1650 1166 abusum
1667 1133 1706 1166 ab
1718 1134 1774 1166 Ec-

1018 1187 1114 1221 clesia
1133 1186 1190 1220 Dei
1221 1186 1414 1219 submovere
1443 1186 1565 1226 volens,
1589 1196 1702 1219 omnes
1735 1198 1773 1220 ac

1018 1240 1160 1282 singulas
1179 1239 1326 1273 licentias
1346 1244 1377 1272 et
1397 1239 1565 1272 facultates
1584 1239 1772 1273 huiusmodi

1018 1295 1191 1333 hactenus,
1217 1293 1313 1326 etiam
1340 1298 1430 1326 motu
1454 1292 1599 1336 proprio,
1622 1293 1670 1326 vel
1691 1304 1772 1337 quo-

1018 1347 1158 1387 rumvis,
1185 1345 1281 1379 etiam
1317 1344 1573 1388 imperatorum,
1600 1356 1714 1389 regum
1744 1352 1775 1380 et

1018 1400 1156 1434 aliorum
1173 1399 1374 1444 principum,
1398 1400 1671 1443 contemplatione
1691 1406 1773 1434 etex

1021 1453 1187 1499 quibusvis
1203 1453 1310 1486 causis
1325 1452 1568 1497 quomodolibet
1587 1464 1771 1494 concessas,

1018 1518 1054 1541 ac
1088 1506 1281 1551 apostolicas
1314 1511 1346 1539 et
1378 1505 1455 1538 alias
1495 1506 1603 1539 literas
1633 1506 1774 1551 desuper

1018 1560 1193 1600 consectas,
1216 1559 1346 1592 illarum
1381 1558 1528 1592 omnium
1556 1564 1685 1593 tenores
1715 1570 1774 1603 pro

1018 1613 1216 1647 sufficienter
1242 1611 1400 1656 expressis
1430 1612 1564 1653 habens,
1596 1613 1774 1656 apostolica

1018 1666 1230 1707 auctoritate,
1264 1676 1301 1699 ex
1326 1671 1414 1699 certa
1441 1665 1574 1699 scientia
1602 1666 1772 1707 revocavit,

1018 1731 1055 1752 ae
1075 1719 1208 1753 omnino
1231 1718 1364 1752 cassavit
1384 1724 1414 1752 et
1431 1719 1618 1752 annullavit.

1063 1773 1128 1817 §2
1155 1773 1221 1806 Hac
1254 1772 1416 1817 praesenti
1451 1778 1608 1816 perpetuo
1637 1773 1773 1806 valitura

1019 1827 1248 1860 constitutione
1264 1825 1429 1870 quibusvis
1439 1825 1600 1869 praelatis,
1615 1826 1774 1870 capitulis,

1019 1879 1157 1919 clericis,
1194 1879 1348 1912 fratribus
1383 1879 1519 1922 aliisque
1550 1879 1776 1923 superioribus

1019 1938 1049 1966 et
1069 1933 1215 1977 personis
1244 1933 1434 1966 eorumdem
1456 1933 1681 1973 ecclesiarum,
1704 1944 1774 1967 mo-

1019 1987 1254 2026 nasteriorum,
1288 1991 1519 2026 conventuum,
1547 1986 1719 2020 domorum
1745 1993 1775 2020 et

1019 2041 1157 2074 aliorum
1178 2040 1308 2084 piorum
1329 2039 1489 2079 locorum,
1513 2039 1546 2072 in
1565 2039 1681 2073 virtute
1702 2051 1775 2073 san-

1020 2100 1088 2127 ctae
1104 2093 1307 2127 obedientiae
1323 2099 1353 2126 et
1368 2093 1427 2125 sub
1443 2092 1673 2136 indignationis
1685 2104 1774 2133 suae,

1019 2158 1056 2181 ac
1068 2152 1244 2192 perpetuae
1263 2146 1484 2191 suspensionis
1497 2146 1637 2179 adivinis
1658 2157 1774 2190 poena,

1020 2201 1195 2235 districtius
1230 2200 1379 2234 inhibens
1408 2211 1449 2233 ne
1478 2199 1631 2244 deinceps
1665 2200 1778 2233 missas

1019 2254 1201 2298 vespertino
1230 2259 1388 2297 tempore,
1417 2253 1605 2286 huiusmodi
1629 2253 1777 2286 licentia-

1020 2319 1093 2341 rum
1114 2313 1145 2341 et
1168 2308 1359 2341 facultatum
1385 2313 1439 2340 aut
1463 2306 1527 2340 alio
1552 2307 1665 2350 quovis
1685 2317 1778 2350 prae-

1020 2366 1120 2402 textu,
1143 2361 1308 2395 celebrare
1319 2361 1367 2394 vel
1380 2359 1537 2394 celebrari
1558 2359 1665 2393 facere
1681 2370 1776 2403 prae—

1021 2419 1161 2454 sumant;
1188 2425 1225 2447 ac
1252 2414 1409 2446 mandans
1429 2414 1578 2446 locorum
1606 2412 1778 2446 ordinariis

1022 2468 1057 2495 ut
1091 2462 1237 2496 eamdem
1265 2466 1470 2506 praesentem
1497 2460 1775 2502 constitutionem,

1021 2511 1081 2544 sub
1101 2511 1274 2555 praedictis
1294 2516 1326 2544 et
1349 2510 1418 2543 aliis
1439 2509 1498 2543 sibi
1518 2509 1677 2543 benevisis
1697 2520 1776 2553 poe-

1021 2560 1080 2600 nis,
1103 2570 1162 2604 per
1186 2570 1411 2604 quoscumque
1431 2559 1603 2603 praelatos,
1622 2558 1776 2602 capitula,

1023 2609 1168 2650 clericos,
1195 2610 1319 2648 fratres,
1348 2608 1535 2652 superiores
1562 2613 1593 2641 et
1620 2617 1777 2652 personas

1022 2657 1209 2692 huiusmodi
1230 2657 1456 2692 inviolabiliter
1475 2656 1637 2691 observari
1650 2656 1777 2696 saciant,

1793 282 1974 310 An.c.1566

1816 1784 1933 1805 prohibitio
1944 1786 1974 1804 sle

1790 1817 1815 1836 de
1831 1818 1904 1836 cetero
1921 1815 1976 1836 celo·

1789 1847 1871 1867 brandi.
