2237 3100
61 264 102 292 Au
129 265 157 293 C.
179 263 247 292 ¹568

85 1123 198 1146 Ctausutae
207 1123 243 1145 de·

60 1157 190 1182 rogum-iae.

945 261 1013 286 PIUS
1031 262 1050 286 V
1069 262 1117 287 1³1³.

260 313 426 355 auxilium,
446 314 618 348 consilium
642 314 691 349 vel
707 314 860 356 favorem,
882 315 1012 359 publice

259 369 307 402 vel
336 368 476 410 occulte,
505 369 626 402 directe
654 370 702 403 vel
730 369 898 411 indirecte,
929 381 1012 413 quo-

259 422 305 455 vis
318 423 465 466 quaesito
485 423 594 457 colore
611 423 659 457 vel
678 423 820 467 ingenio,
846 428 1012 468 praestan-

261 480 318 517 tes,
340 481 403 509 tam
417 477 651 511 ecclesiasticos
666 488 763 522 quam
775 477 886 519 laicos,
907 478 1013 511 cuius-

261 540 400 574 cumque
426 530 604 575 dignitatis,
639 531 776 575 gradus,
810 531 933 565 ordinis
965 532 1013 564 vel

261 584 453 618 conditionis
468 585 598 626 fuerint,
610 596 669 629 per
688 585 874 626 sententias,
896 596 1013 619 censu-

261 649 312 671 ras
325 644 355 671 et
371 649 492 683 poenas
508 639 753 681 ecclesiasticas,
776 645 947 683 ceteraque
964 639 1013 672 iu-

261 692 304 725 ris
313 698 343 725 et
354 693 426 726 sacti
439 693 581 726 remedia
593 700 786 738 opportuna,
798 693 1014 738 appellatione

261 746 449 791 postposita,
468 748 717 792 compescendo,
732 747 949 792 legitimisque
964 757 1016 780 su-

260 810 319 843 per
351 800 401 833 his
436 800 593 834 habendis
627 801 758 834 servatis
788 801 1012 845 processibus,

260 854 446 895 sententias,
469 865 624 888 censuras
638 861 669 888 et
684 865 805 899 poenas
822 855 1012 899 praedictas,

260 909 355 942 etiam
368 907 488 942 iteratis
498 908 631 950 vicibus,
645 909 855 953 aggravando,
869 908 1015 943 invocato

260 962 356 995 etiam
377 962 416 996 ad
437 963 512 1004 hoc,
530 963 556 996 si
577 973 660 1008 opus
675 963 785 1005 fuerit,
803 962 923 997 auxilio
943 963 1017 997 bra-

260 1015 327 1049 chii
347 1016 536 1050 saecularis.

305 1070 320 1113 g
345 1069 399 1104 19.
427 1070 497 1104 Non
521 1070 724 1104 obstantibus
749 1075 858 1104 nostra
882 1070 922 1104 de
950 1080 1017 1104 non

260 1123 402 1158 tollendo
415 1125 486 1158 iure
494 1125 650 1169 quaesito,
659 1130 689 1159 et
700 1125 771 1169 piae
783 1125 950 1158 memoriae
958 1124 1017 1158 Bo-

259 1178 369 1213 nifacii
385 1179 480 1224 Papae
495 1179 570 1220 VIII,
586 1179 682 1213 etiam
696 1178 944 1223 praedecessoris
961 1189 1017 1212 no-

260 1232 330 1273 stri,
343 1233 382 1266 de
397 1244 474 1275 una,
490 1233 563 1267 etin
579 1233 717 1267 concilio
731 1233 873 1277 generali
883 1233 968 1267 edita
978 1233 1017 1266 de

260 1287 386 1321 duabus
401 1288 515 1329 diaetis,
535 1288 670 1332 aliisque
687 1287 971 1322 constitutionibus
987 1292 1018 1321 et

260 1341 520 1376 ordinationibus
550 1342 747 1387 apostolicis:
774 1352 901 1375 necnon
921 1341 1017 1375 Tertii

259 1395 387 1430 Ordinis
413 1395 565 1440 illiusque
588 1396 760 1430 domorum
781 1401 811 1430 et
831 1396 926 1430 etiam
948 1406 1018 1428 mu-

260 1450 377 1484 lierum
389 1450 661 1485 monasteriorum
673 1450 914 1495 praedictorum
929 1450 1016 1484 iura-

260 1509 380 1546 mento,
394 1505 639 1539 confirmatione
653 1504 828 1549 apostolica
840 1505 888 1538 vel
907 1504 1017 1548 quavis

260 1559 412 1593 firmitate
424 1560 486 1593 alia
502 1559 675 1601 roboratis,
696 1560 821 1593 statutis
837 1565 868 1593 et
883 1569 1018 1593 consue-

259 1613 439 1656 tudinibus;
460 1613 636 1659 privilegiis
654 1624 798 1659 quoque,
819 1614 964 1654 indultis,
987 1620 1018 1647 et

259 1667 375 1702 litteris
397 1668 601 1712 apostolicis,
627 1668 691 1701 illis
716 1679 897 1713 eorumque
922 1679 1017 1712 supe-

259 1722 401 1757 rioribus
427 1728 459 1757 et
486 1723 634 1767 personis
668 1733 705 1757 ac
733 1734 847 1757 eorum
881 1722 1016 1767 singulis

260 1787 319 1821 per
333 1788 560 1822 quoscumque
574 1777 737 1811 Romanos
747 1777 919 1811 Pontifices
930 1788 1014 1822 pree-

259 1831 446 1866 decessores
462 1837 590 1866 nostros
613 1843 650 1866 ac
671 1843 729 1866 nos
747 1837 777 1865 et
792 1832 907 1865 Sedem
928 1834 1014 1876 Apo-

259 1884 418 1927 stolicam,
446 1886 541 1919 etiam
567 1896 626 1930 per
646 1885 779 1919 modum
805 1886 914 1919 statuti
939 1896 1013 1930 per-

258 1939 365 1983 petui,
387 1950 424 1973 ac
445 1939 514 1973 initi
545 1945 576 1973 et
595 1940 738 1984 stipulati
759 1946 955 1980 contractus,
976 1951 1013 1973 ac

258 1993 336 2026 alias
356 1993 415 2027 sub
436 1993 699 2038 quibuscumque
719 1994 886 2028 tenoribus
904 2000 935 2028 et
950 1995 1013 2028 sor-

257 2047 328 2090 mis,
346 2059 383 2082 ac
402 2059 477 2082 cum
490 2048 655 2092 quibusvis
676 2048 829 2082 clausulis
847 2053 878 2082 et
899 2049 1012 2082 decre-

257 2101 308 2143 tis,
330 2101 365 2135 in
383 2112 501 2146 genere
517 2107 548 2136 et
563 2102 596 2135 in
610 2102 716 2147 specie
738 2103 910 2143 concessis,
933 2113 1010 2136 con-

257 2155 412 2198 firmatis;
434 2167 470 2190 ac
501 2157 597 2190 etiam
627 2157 697 2190 aliis
727 2157 1011 2190 reformationibus

256 2209 526 2255 quotiescumque
560 2222 597 2244 ac
626 2221 836 2255 quocumque
864 2216 1011 2255 tempore

256 2264 347 2298 factis
357 2271 388 2299 et
400 2266 627 2309 promulgatis,
638 2266 733 2299 etiam
749 2265 840 2299 Mare
854 2265 1010 2309 illaquam

255 2323 287 2351 et
301 2318 398 2352 Bulla
409 2319 519 2352 Aurea
534 2319 743 2364 nuncupatis;
761 2330 797 2352 ac
813 2319 1011 2362 quibuslibet

254 2371 325 2406 aliis
341 2373 548 2417 indulgentiis
565 2378 594 2407 et
610 2373 868 2417 exemptionibus
883 2378 1009 2418 aposto-

255 2427 337 2469 licis,
359 2428 555 2471 specialibus
570 2433 601 2473 et
615 2427 832 2471 generalibus,
850 2437 1008 2470 quorum-

255 2487 397 2521 cumque
409 2483 558 2510 tenorum
578 2477 722 2517 existant,
736 2487 794 2521 per
810 2487 905 2520 quae,
929 2489 1010 2521 prae-

255 2526 400 2560 sentibus
423 2537 489 2560 non
515 2537 664 2570 expressa
696 2527 745 2559 vel
780 2526 920 2559 totaliter
943 2537 1007 2560 non

255 2574 386 2617 inserta,
412 2575 546 2610 effectus
580 2587 692 2610 earum
727 2575 876 2620 impediri
907 2577 1008 2610 valeat

255 2625 499 2669 quomodolibet
519 2626 567 2659 vel
586 2624 722 2666 differri,
749 2631 777 2658 et
803 2624 842 2657 de
867 2625 1004 2669 quibus,

255 2685 462 2720 quorumque
478 2675 554 2710 totis
569 2674 736 2709 tenoribus
756 2674 904 2709 habenda
916 2675 955 2709 sit
974 2675 1007 2708 in

1697 255 1762 290 683

1053 315 1169 349 nostris
1189 315 1303 349 litteris
1322 315 1454 350 mentio.
1472 315 1550 356 Quae
1570 318 1678 351 omnia
1694 324 1807 353 contra

1054 370 1241 403 earumdem
1259 369 1477 414 praesentium
1494 375 1639 404 tenorem
1653 371 1808 405 nolumus

1055 424 1206 468 cuiquam
1228 424 1260 457 in
1281 424 1389 468 aliquo
1410 424 1591 468 suffragari.
1683 429 1686 432 ”

1098 478 1113 521 ξ
1137 478 1191 513 20.
1218 479 1278 512 Por
1298 479 1461 523 praedicta
1486 485 1593 513 tamen
1612 490 1677 513 non
1703 480 1809 514 inten-

1055 532 1160 566 dimus
1191 533 1412 566 reformationi
1445 535 1580 568 fratrum
1606 541 1636 568 et
1660 544 1808 568 sororum

1055 585 1151 618 Tertii
1163 586 1301 628 Ordinis,
1315 588 1348 621 in
1366 588 1592 632 Hispaniarum
1608 588 1716 632 regnis
1731 599 1810 622 con·
1825 582 1915 633 ffiffougss
1937 582 2008 634 ’ξζξζῇ

1056 639 1155 672 stituti
1173 667 1180 681 ,
1198 641 1230 673 in
1256 641 1363 686 aliquo
1387 642 1611 685 praeiudicare
1636 643 1812 687 quominus
1825 644 2009 696 Pgfisi¹¹iffl¹¹³gf⁵a2

1056 693 1180 727 litterae
1207 701 1335 729 nostrae
1355 696 1495 740 desuper
1522 696 1638 737 editae,
1661 702 1691 730 et
1711 707 1811 740 quae·
1827 683 1871 728 {uin
1921 682 1950 702 ’Ψ

1056 758 1196 792 cumque
1217 749 1345 782 illarum
1366 750 1486 794 vigore,
1502 761 1562 795 pro
1578 761 1700 791 rerum,
1722 751 1811 784 loco-

1057 811 1129 834 rum
1146 807 1175 835 et
1189 813 1403 846 personarum
1423 804 1576 848 qualitate
1594 809 1625 837 et
1640 803 1810 848 exigentia,

1058 855 1138 887 facta
1164 862 1249 896 sunt,
1272 857 1497 899 praesentibus
1523 868 1589 890 non
1619 858 1810 899 conformia,

1057 908 1178 952 possint
1201 911 1432 954 quoquomodo
1459 910 1609 955 impediri
1635 911 1683 944 vel
1711 917 1812 945 retra-

1058 963 1146 996 ctari.

1102 1017 1116 1061 ἓ
1140 1017 1195 1051 21.
1222 1018 1366 1063 Denique
1391 1019 1541 1053 volumus
1561 1020 1648 1064 quod
1669 1019 1813 1064 ipsamm

1057 1072 1277 1114 praesentium
1298 1073 1457 1117 exempla,
1475 1074 1571 1107 etiam
1587 1073 1755 1118 impressa,
1768 1073 1814 1107 di-

1059 1124 1167 1169 ctique
1191 1136 1250 1170 pro
1271 1132 1418 1171 tempore
1440 1127 1602 1160 existentis
1621 1128 1814 1171 protectoris

1057 1184 1113 1211 aut
1133 1178 1270 1213 ministri
1295 1180 1455 1224 generalis
1478 1181 1526 1214 vel
1551 1182 1756 1225 provincialis
1775 1182 1814 1214 si-

1057 1232 1144 1275 gillo,
1170 1239 1201 1267 et
1224 1234 1388 1268 secretarii
1419 1235 1557 1269 cuiusvis
1592 1246 1723 1277 eorum,
1766 1237 1814 1270 vel

1058 1286 1174 1319 notarii
1195 1287 1318 1330 publici
1343 1299 1441 1321 manu
1459 1289 1640 1332 obsignata,
1668 1289 1813 1323 eamdem

1059 1339 1146 1373 illam
1168 1340 1264 1374 fidem
1283 1342 1403 1387 ubique
1423 1343 1585 1385 locorum,
1602 1344 1635 1377 in
1646 1344 1766 1377 iudicio
1784 1350 1814 1377 et

1059 1400 1146 1428 extra
1163 1394 1256 1436 illud,
1274 1396 1402 1438 saciant,
1418 1408 1516 1442 quam
1532 1398 1609 1442 ipsa]
1628 1403 1810 1441 praesentes,

1059 1448 1084 1481 si
1105 1449 1210 1483 forent
1230 1450 1389 1485 exhibitae
1408 1452 1457 1486 vel
1476 1457 1634 1486 ostensae.

1102 1502 1188 1535 Nulli
1213 1514 1288 1548 ergo
1309 1510 1366 1539 etc.

1101 1557 1217 1591 Datum
1242 1558 1362 1593 Romae
1387 1560 1474 1605 apud
1498 1560 1530 1594 S.
1558 1560 1701 1603 Petrum,
1728 1571 1813 1595 anno

1057 1611 1291 1647 lncarnationis
1301 1614 1483 1649 dominicae
1501 1624 1656 1657 MDvaffl,
1678 1626 1697 1649 v
1712 1626 1812 1650 nonas

1058 1665 1138 1707 iulii,
1161 1667 1369 1710 pontificatus
1393 1669 1493 1702 nostri
1518 1680 1602 1703 anno
1622 1679 1668 1703 111.

1118 1725 1179 1755 Dat.
1199 1725 1246 1757 die
1262 1727 1279 1757 3
1291 1727 1356 1758 iulii
1375 1728 1462 1766 1568,
1476 1728 1577 1768 pontis.
1597 1737 1730 1760 annom.

1823 266 1869 292 An.
1888 265 1919 293 C.
1939 265 2005 294 ¹568

1887 487 2007 509 nectat-atto

1825 520 1878 546 quod
1890 526 1931 540 nou
1943 520 2007 541 intel*

1825 551 1902 577 ligatur
1921 553 2008 578 praeiu-

1864 1021 2010 1048 Exemplorum

1829 1054 1889 1074 fides.

1421 1849 1454 1883 C.

1055 1914 1100 1948 De
1123 1916 1299 1949 residentia
1318 1920 1479 1949 rectorum
1498 1917 1704 1950 ecclesiarum
1711 1928 1809 1961 paro-

1098 1969 1269 2010 chialium,
1287 1971 1533 2015 quibuscwnque
1548 1972 1697 2012 indultis,
1710 1973 1809 2005 etiam

1097 2025 1291 2067 apostolicis,
1313 2036 1380 2058 non
1399 2026 1598 2059 obstantibus
1618 2025 1644 2058 1.

1139 2097 1202 2126 Pius
1220 2097 1362 2133 episcopus
1381 2105 1476 2127 servus
1495 2105 1635 2127 servorum
1659 2098 1714 2131 Dei,

1193 2148 1226 2176 ad
1249 2149 1412 2183 perpetuam
1436 2148 1478 2176 rei
1501 2148 1668 2176 memoriam.

1096 2209 1280 2253 Cupientes,
1312 2221 1372 2254 pro
1391 2209 1493 2244 nostri
1524 2210 1691 2254 pastoralis
1710 2210 1807 2244 officii
1849 2219 1960 2242 Exordium

1052 2274 1198 2305 munere,
1221 2265 1479 2298 christifidelium
1496 2265 1681 2298 animarum
1701 2266 1805 2307 saluti,

1051 2323 1209 2361 quantum
1235 2330 1308 2352 cum
1338 2319 1401 2353 Deo
1422 2330 1605 2363 possumus,
1633 2319 1806 2353 salubriter

1051 2372 1238 2413 consulere,
1267 2378 1297 2406 et
1323 2373 1562 2416 parochialibus
1588 2373 1734 2407 ecclesiis
1764 2373 1804 2407 ab

1051 2436 1162 2459 earum
1183 2426 1343 2471 parochis,
1368 2432 1464 2471 prout
1483 2432 1644 2467 tenentur,
1672 2426 1704 2460 in
1724 2427 1802 2460 divi-

1050 2480 1099 2514 nis
1112 2479 1217 2514 debite
1237 2486 1267 2514 et
1280 2480 1486 2514 laudabiliter
1505 2480 1670 2522 deserviri,
1689 2481 1800 2515 inhae-

1087 2550 1097 2575 ¹
1112 2548 1150 2575 Ad
1165 2548 1240 2580 haec,
1261 2547 1322 2574 vide
1335 2548 1414 2574 etiam
1425 2548 1524 2575 Concil.
1537 2547 1623 2581 Trid.,
1638 2556 1702 2576 sem.
1718 2556 1801 2581 xxm,

1049 2601 1106 2629 cap.
1124 2602 1144 2627 1;
1164 2597 1192 2621 et
1204 2601 1269 2621 sess.
1290 2599 1370 2625 xxiv,
1391 2601 1449 2628 cap.
1469 2601 1520 2626 xn,
1537 2595 1576 2619 De
1595 2594 1755 2627 Resormal.:
1776 2598 1801 2621 et

1049 2640 1086 2666 Pii
1099 2640 1132 2669 lV
1144 2640 1249 2667 constit.
1270 2647 1318 2671 xn,
1338 2640 1373 2665 ne
1384 2640 1482 2670 Salute,
1500 2646 1559 2674 pag.
1573 2639 1607 2666 55
1624 2638 1702 2666 huius
1719 2640 1799 2671 tomi;

1047 2685 1155 2713 constit.
1177 2692 1255 2718 cvm,
1273 2686 1302 2712 In
1321 2693 1457 2717 suprema,
1471 2692 1528 2720 pag.
1551 2684 1614 2717 552,
1632 2684 1739 2712 ibidem.
