2237 3100
71 216 122 244 An.
144 216 172 244 C.
186 216 253 245 ¹560

270 277 430 308 assensus;
448 271 479 301 et
494 266 586 301 aliter
605 267 706 300 factae
726 266 948 311 derogationes
963 278 1019 301 ne-

269 322 350 355 mini
370 322 596 366 suffragentur.

313 377 327 420 ἓ
347 376 400 411 ⁶20.
423 377 459 410 Et
480 376 522 410 ita
549 388 606 421 per
634 388 857 421 quoscumque
884 377 1018 418 iudices,

82 433 208 471 *numum
228 435 254 455 ir·
268 431 378 475 quavis
399 431 588 464 auctoritate
604 431 783 474 fungentes,
804 436 834 465 et
850 442 1020 464 causarum

70 469 143 487 ‘nm'
267 485 380 518 Palatii
390 486 448 529 Ap.
459 485 621 518 auditores
635 491 663 518 et
680 485 779 530 ipsius
789 485 861 519 SR.
872 485 906 518 E.
920 485 1020 524 card,

269 539 393 573 sublata
413 539 458 573 eis
478 539 588 583 quavis
617 540 709 573 aliter
738 539 900 573 iudicandi
921 545 951 572 et
970 539 1020 571 in-

267 593 466 637 terpretandi
487 594 636 627 facultate
663 600 691 627 et
713 594 914 634 auctoritate,
937 593 1020 625 iudi-

269 647 334 680 cari
355 653 385 681 et
405 647 532 680 definiri
559 648 698 687 debere;
731 659 856 681 necnon
884 647 908 680 si
929 658 1021 680 secus

268 712 366 745 super
385 702 435 735 his
451 713 468 735 a
488 714 664 746 quoquam,
688 702 797 745 quavis
817 701 1018 741 auctoritate,

269 755 408 788 scienter
425 756 473 789 vel
494 756 689 799 ignoranter,
724 755 893 798 contigerit
922 760 1020 787 atten-

268 808 341 849 tari,
364 808 492 842 irritum
514 814 541 842 et
564 809 659 842 inane
679 809 893 842 decernimus.

313 862 327 905 ἓ
347 861 400 895 21.
419 863 454 895 Et
471 862 695 903 nihilominus,
715 867 748 895 ut
765 861 899 895 ecclesia
914 861 1021 895 Sancti

79 915 370 957 ⁴A¹³³³¹¹¹³=11¹ssewRochi
404 916 436 948 in
470 916 584 949 maiori
612 916 816 949 veneratione
843 915 1017 955 habeatur,

69 951 254 1003 ιγ’ἷέἇξιῖῗεῖῗζῗῆῦ-
269 974 300 1002 et
320 970 358 1002 ad
379 969 466 1003 illam
486 970 677 1003 visitandum
698 975 725 1002 et
753 969 1019 1002 benefaciendum

69 1016 123 1034 ‘²³¹¹'
141 1013 254 1034 ⁰⁰⁰¹²⁵³³¹¹¹
269 1022 394 1057 facilius
423 1029 653 1063 concurratur,
676 1023 714 1055 de
745 1022 844 1066 ipsius
870 1023 1019 1068 omnipo-

69 1045 132 1064 etiam
152 1044 192 1064 alia
208 1044 253 1069 die,

69 1081 130 1101 ΨΜ
147 1074 254 1095 “flmm-
268 1077 363 1110 tentis
401 1077 456 1110 Dei
495 1076 714 1110 misericordia
753 1087 789 1109 ac
830 1077 1019 1109 eorumdem

69 1107 163 1171 meas?
166 1108 254 1157 Θοῗιῗῐῗὲ·
269 1129 353 1163 Petri
373 1135 403 1163 et
427 1130 514 1163 Pauli
541 1129 761 1172 apostolorum
790 1129 857 1162 eius
883 1130 1020 1163 auctori-

69 1170 112 1188 Μ’
127 1167 231 1194 engen*
268 1187 331 1216 tate
347 1183 469 1223 confisi,
483 1181 639 1215 universis
655 1187 685 1215 et
700 1182 834 1227 singulis
851 1183 1019 1228 utriusque

269 1248 360 1271 sexus
387 1236 649 1270 christifidelibus
681 1248 754 1270 vere
782 1238 1020 1282 poenitentibus

267 1296 297 1322 et
321 1289 491 1330 confessis,
527 1300 583 1323 seu
617 1290 791 1323 confitendi
816 1292 1019 1336 propositum

264 1342 473 1383 habentibus,
509 1343 577 1386 qui,
608 1344 692 1376 ultra
713 1344 819 1377 Sancti
849 1345 950 1378 Rochi
990 1352 1019 1380 et

263 1391 371 1425 Sancti
391 1392 517 1425 Martini
538 1393 722 1427 festivitates
742 1395 934 1437 praedictas,
957 1396 1019 1429 alio

263 1440 326 1481 die,
348 1452 408 1486 per
427 1442 555 1475 eosdem
577 1443 870 1485 administratores,
900 1445 1018 1487 guber-

263 1495 403 1531 natores,
426 1496 568 1524 rectores
588 1497 615 1524 et
639 1503 835 1526 oeconomos
853 1494 891 1527 ad
912 1494 943 1527 id
964 1505 1020 1528 no-

263 1539 429 1580 minando,
449 1551 466 1572 a
485 1541 692 1584 praemissis¹
707 1542 849 1586 vesperis
866 1544 1019 1587 usquead

263 1599 414 1622 occasum
443 1589 518 1623 solis
547 1591 710 1635 sequentis
737 1591 819 1632 diei,
849 1593 1019 1626 ecclesiam

263 1638 370 1672 Sancti
404 1639 503 1672 Rochi
530 1640 704 1683 praefatam
741 1641 850 1675 devote
875 1642 1019 1676 visitave-

263 1688 347 1729 rint,
371 1699 407 1722 ac
428 1700 487 1733 pro
508 1689 596 1723 illius
615 1696 646 1724 et
673 1691 742 1724 eius
763 1691 932 1735 hospitalis
954 1703 1020 1725 ma-

261 1738 452 1771 nutentione
473 1749 529 1772 seu
558 1746 825 1774 ornamentorum
855 1741 1019 1785 emptione

263 1787 311 1820 vel
331 1788 409 1821 alias
433 1788 472 1821 ad
506 1788 636 1822 illorum
668 1790 837 1824 utilitatem
859 1791 890 1823 in
911 1791 1019 1834 aliquo

263 1846 378 1870 manus
395 1838 595 1882 porrexerint
617 1839 803 1873 adiutrices.

308 1886 323 1929 ἓ
342 1886 396 1920 ⁶22.
418 1888 550 1921 Necnon
575 1888 709 1931 singulis
726 1889 953 1928 confratribus,
967 1889 1019 1922 ad-

99 1945 124 1966 st
144 1945 186 1980 ηιμ
212 1951 250 1972 pro
264 1934 556 1976 ministratoribus,
580 1938 777 1981 cappellanis
789 1943 819 1970 et
831 1938 899 1971 aliis
920 1938 1020 1971 eccle-

65 1976 205 1999 ⁶⁰¹¹s¹³¹¹¹¹³¹¹⁵
230 1976 250 1997 ²·
265 1983 330 2017 siae
363 1990 394 2017 et
426 1986 594 2029 hospitalis
627 1986 782 2019 ministris
817 1992 847 2019 et.
874 1987 1019 2031 personis

265 2033 436 2076 praefatis,
459 2034 514 2078 qui
534 2035 567 2068 in
594 2046 707 2068 eorum
744 2036 932 2069 infirmitate
963 2047 1019 2069 seu

265 2082 344 2115 alias
376 2083 408 2115 in
443 2085 555 2118 mortis
588 2084 724 2118 articulo
754 2085 956 2129 poenitentes
990 2091 1019 2119 et

266 2132 395 2165 contriti
414 2143 532 2166 nomen
557 2134 645 2167 Iesus
672 2134 906 2167 nominaverint
926 2162 933 2175 ,
965 2141 1019 2168 aut

265 2180 393 2223 signum
414 2182 633 2226 poenitentiae
657 2194 712 2216 seu
734 2183 851 2224 crucis,
875 2190 929 2217 aut
949 2184 1018 2217 ani-

266 2241 356 2263 mum
382 2242 439 2264 seu
471 2232 594 2265 vultum
628 2233 668 2265 ad
699 2233 820 2273 Deum,
843 2238 898 2265 aut
924 2239 1020 2277 caput

266 2291 394 2314 sursum
412 2280 452 2314 ad
472 2282 601 2315 coelum
618 2282 819 2323 elevaverint,
842 2283 1018 2327 plenariam

267 2330 412 2364 omnium
446 2337 655 2376 peccatorum
690 2342 824 2366 suorum
852 2331 1019 2376 indulgen—

266 2378 342 2413 tiam
375 2392 413 2414 ac
446 2380 623 2415 iubilaeum
659 2387 689 2415 et
722 2381 955 2422 remissionem,
986 2382 1019 2415 in

249 2427 369 2464 'forma
394 2431 549 2465 ecclesiae
575 2436 740 2472 consueta,
768 2431 1020 2466 misericorditer

267 2479 301 2511 in
320 2478 456 2514 Domino
477 2481 663 2525 elargimur.

305 2542 316 2569 1
334 2545 375 2570 Ad
392 2546 417 2569 iil
427 2547 612 2575 nominandos,
625 2547 745 2577 aprimis
763 2547 889 2577 vesperis,
901 2544 1016 2572 Cherub.

268 2581 304 2618 (n.
323 2586 371 2618 r).
410 2584 427 2610 2
443 2584 530 2612 Habes
552 2586 748 2613 revocationem
770 2585 796 2612 in
827 2585 894 2612 dicta
919 2587 1018 2613 consti-

269 2624 369 2652 tutione
389 2624 461 2653 Pauli
478 2626 500 2655 V
519 2626 565 2653 eit.
583 2627 608 2653 in
626 2632 686 2654 nota
707 2626 738 2653 ad
759 2625 835 2653 rubr.

949 214 1016 239 PIUS
1039 213 1070 238 w
1095 211 1143 237 PP.

1729 198 1770 233 75

1106 266 1120 309 ἓ
1139 263 1192 298 23.
1215 264 1284 297 Non
1305 262 1506 296 obstantibus
1525 261 1710 306 apostolicis
1725 273 1762 295 ac
1782 261 1814 294 in

1062 318 1311 365 provincialibus
1337 323 1366 350 et
1391 316 1596 361 synodalibus
1616 316 1761 349 conciliis
1784 328 1816 349 e-

1063 375 1146 415 ditis,
1157 372 1361 418 generalibus
1376 372 1423 404 vel
1444 370 1647 415 specialibus,
1664 372 1815 404 constitu-

1063 429 1203 462 tionibus
1232 433 1263 461 et
1289 425 1566 463 ordinationibus,
1597 436 1634 458 ac
1663 424 1814 458 ecclesia-

1063 494 1148 525 rum,
1167 481 1448 520 monasteriorum,
1466 479 1672 523 hospitalium
1694 485 1723 512 et
1742 490 1816 513 con-

1063 537 1297 570 fraternitatum
1331 536 1575 581 praefatorum,
1611 533 1705 567 etiam
1731 534 1816 566 iura-

1063 596 1184 631 mento,
1199 590 1443 624 confirmatione
1461 588 1637 633 apostolica
1647 588 1693 620 vel
1707 587 1816 631 quavis

1063 644 1213 677 firmitate
1226 644 1286 677 alia
1303 644 1461 677 roboratis
1486 641 1611 676 statutis
1631 646 1660 674 et
1681 652 1816 674 consue-

1064 697 1238 738 tudinibus,
1260 699 1431 742 privilegiis
1451 709 1580 742 quoque
1595 726 1602 739 ,
1629 697 1762 730 indultis
1786 702 1816 730 et

1063 752 1162 785 literis
1194 753 1378 796 apostolicis
1416 753 1478 786 illis
1512 764 1549 786 ac
1585 751 1708 785 dilectis
1742 751 1816 784 filiis

1063 806 1184 850 populo
1204 806 1350 839 Romano
1371 812 1401 840 et
1422 807 1524 839 dictae
1540 806 1634 839 Urbis
1650 816 1816 839 conserva-

1062 860 1186 893 toribus
1202 866 1231 893 et
1247 860 1410 904 quibusvis
1425 861 1495 893 aliis
1515 872 1573 904 per
1592 871 1816 904 quoscumque

1063 914 1224 947 Romanos
1235 914 1405 947 Pontifices
1417 914 1680 957 praedecessores
1690 918 1817 947 nostros

1063 972 1093 1000 et
1112 979 1170 1001 nos
1202 979 1239 1001 ac
1265 969 1380 1001 Sedem
1410 969 1598 1012 praefatam,
1635 968 1729 1001 etiam
1760 979 1817 1010 per

1063 1023 1196 1055 modum
1234 1023 1392 1065 generalis
1420 1023 1499 1065 legis
1537 1034 1573 1056 ac
1607 1022 1714 1055 statuti
1744 1033 1817 1066 per-

1062 1076 1163 1120 petui,
1181 1088 1218 1109 ac
1235 1082 1323 1109 motu
1340 1076 1472 1120 proprio
1489 1082 1517 1109 et
1534 1088 1569 1109 ex
1583 1082 1669 1110 certa
1686 1076 1817 1110 scientia

1061 1141 1098 1163 ac
1108 1129 1218 1174 quavIs
1234 1130 1384 1163 instantia
1400 1135 1430 1163 et
1445 1141 1519 1163 eum
1536 1130 1709 1174 quibusvis,
1723 1130 1818 1164 etiam

1062 1183 1339 1225 derogatoriarum
1369 1183 1580 1226 derogatoriis
1605 1183 1741 1227 aliisque
1773 1184 1818 1217 ef-

1062 1236 1258 1270 ficacissimis
1275 1243 1305 1270 et.
1325 1237 1460 1270 insolitis
1485 1237 1647 1277 clausulis,
1664 1237 1818 1271 irritanti-

1061 1289 1186 1334 busque
1207 1296 1236 1324 et
1256 1291 1326 1324 aliis
1342 1292 1495 1331 decretis,
1518 1291 1613 1325 etiam
1634 1291 1754 1325 iteratis
1774 1292 1818 1325 vi-

1062 1343 1154 1377 cibus
1175 1345 1353 1385 coneessis,
1377 1345 1562 1389 approbatis
1592 1350 1622 1378 et
1646 1345 1816 1385 innovatis,

1061 1398 1179 1440 quibus
1199 1398 1358 1439 omnibus,
1376 1398 1505 1431 illorum
1523 1404 1662 1440 tenores,
1681 1409 1717 1432 ac
1738 1398 1763 1431 si
1780 1399 1818 1432 de

1061 1452 1158 1485 verbo
1178 1452 1216 1484 ad
1242 1452 1375 1485 verbum
1397 1452 1637 1493 insererentur,
1665 1463 1817 1496 praesen-

1062 1505 1146 1538 tibus
1167 1517 1225 1550 pro
1247 1505 1443 1538 sufficienter
1467 1505 1624 1549 expressis
1647 1505 1815 1547 habentes,

1062 1559 1124 1592 illis
1143 1559 1221 1593 alias
1241 1560 1272 1592 in
1294 1571 1352 1593 suo
1368 1560 1484 1593 robore
1506 1559 1739 1604 permansuris,
1758 1560 1818 1592 hac

1062 1613 1127 1646 vice
1152 1614 1316 1646 dumtaxat
1335 1613 1518 1658 specialiter
1546 1618 1576 1646 et
1596 1624 1743 1657 expresse
1765 1614 1818 1646 de-

1062 1678 1232 1710 rogamus,
1269 1668 1447 1711 ceterisque
1477 1667 1646 1701 contrariis
1684 1666 1818 1711 quibus-

1063 1732 1215 1764 eumque.

1105 1775 1219 1808 Datum
1244 1775 1364 1808 Romae
1384 1775 1469 1819 apud
1491 1776 1644 1808 Sanctum
1665 1775 1815 1815 Petrum,

1062 1828 1121 1860 sub
1147 1829 1267 1861 annulo
1292 1828 1475 1869 Piscatoris,
1498 1828 1547 1862 die
1567 1839 1642 1862 xvlu
1663 1828 1814 1869 octobris,

1062 1892 1157 1923 MDLx,
1180 1882 1386 1926 pontificatus
1406 1883 1505 1916 nostri
1526 1894 1611 1916 anno
1631 1893 1651 1915 1.

1101 1936 1162 1966 Dat.
1181 1936 1228 1966 die
1248 1937 1283 1967 18
1300 1937 1646 1976 oct0b1·is1560,p0ntis.
1667 1947 1741 1967 anno
1762 1946 1779 1966 1.

1400 2054 1477 2087 XXI.

1061 2111 1211 2144 Declarat
1241 2112 1322 2155 quod
1344 2112 1431 2145 ultra
1453 2112 1465 2134 ¹
1490 2113 1723 2154 praesentandi
1764 2124 1816 2145 seu

1105 2162 1302 2193 nominandi
1326 2162 1368 2193 ad
1410 2161 1562 2203 beneficia
1591 2161 1813 2201 ecclesiastica,

1105 2211 1266 2253 quibusvis
1292 2210 1496 2253 principilms
1519 2214 1547 2242 el
1571 2210 1718 2252 personis
1742 2221 1761 2242 a
1785 2222 1816 2242 se

1105 2271 1296 2300 concessum,
1315 2260 1357 2292 ad
1376 2260 1534 2301 foeminas
1559 2260 1744 2292 nullalenus
1764 2271 1817 2292 esc-

1107 2310 1259 2343 temtatur
1277 2309 1305 2342 ἓ.

1143 2374 1205 2402 Pius
1225 2374 1365 2410 episcopus
1386 2381 1481 2403 servus
1502 2381 1641 2403 servorum
1660 2373 1723 2407 Dei,

1196 2425 1229 2453 ad
1260 2426 1423 2460 perpetuam
1443 2424 1483 2453 rei
1511 2424 1678 2452 memoriam.

1104 2477 1284 2512 Romanum
1306 2477 1397 2512 decet
1420 2479 1609 2512 Pontificem
1630 2490 1687 2512 sua
1707 2477 1815 2512 solici-

1062 2527 1170 2560 tudine
1198 2527 1354 2561 indesessa
1382 2527 1548 2572 providere
1585 2534 1620 2561 ut
1649 2540 1702 2569 ea,
1732 2539 1813 2572 quae

1098 2586 1107 2611 1
1128 2586 1238 2612 Librarii
1254 2590 1325 2613 certe
1339 2594 1414 2613 error
1432 2586 1472 2612 hic
1489 2590 1538 2619 est;
1557 2587 1667 2621 legimus
1683 2590 1721 2613 ῐιιε
1731 2596 1814 2618 prae—

1037 2616 1181 2669 lsentandi
1197 2626 1233 2661 (a.
1252 2628 1300 2662 r).
1340 2627 1356 2654 2
1375 2627 1414 2654 Ex
1431 2627 1536 2662 chest.
1558 2627 1584 2654 in
1600 2626 1709 2654 Archiv.
1731 2627 1791 2657 γαί.

1831 207 1881 234 An.
1907 207 1936 234 C.
1950 205 2000 234 ¹55

1855 264 1965 285 clausulae
1981 265 2019 285 de-

1830 297 1956 322 rogatoriam.

1857 2488 1988 2510 Ptooeuiium.
