2237 3100
833 264 929 289 INDEX
943 263 1144 291 RUBRICARUM

243 317 319 353 LXI.
347 317 518 351 Revocatio
541 326 825 362 quorumcumque
845 317 997 350 commic-

332 371 492 405 sariorum
519 372 559 404 ad
578 381 805 415 quaecumque
825 380 924 403 onera
943 381 997 403 ca-

332 425 465 459 meralia
488 430 542 458 aut
562 425 624 458 alia
643 424 758 458 Sedem
780 428 810 456 et
829 422 997 457 Cameram

331 479 547 522 Apostolicam
580 477 811 511 concernentia
844 476 998 519 exigenda

332 531 566 565 destinatorum
586 532 639 574 (ad
664 531 714 564 ius
732 530 931 564 reddendum
950 536 997 563 ta-

334 595 408 618 men
429 585 594 630 exceptis);
608 585 776 628 formaque
787 584 820 617 in
832 589 997 628 posterum

335 638 489 671 servanda
520 639 553 671 in
586 637 774 671 huiusmodi
806 630 997 681 deputandi,

332 692 562 726 commissariis
580 702 637 725 seu
657 691 870 731 exactoribus,
889 691 964 725 601.

243 744 331 779 LXII.
364 745 512 779 Extensio
549 744 787 779 constitutionis
821 744 867 777 Pii
898 745 935 777 IV
959 745 998 778 de

331 799 552 832 condemnatis
563 805 594 833 et
601 798 741 832 bannitis
752 809 818 832 non
829 799 998 832 audiendis

331 852 393 886 nisi
422 852 455 885 in
482 852 669 886 carceribus
695 852 877 886 constitutis
896 858 927 885 et
945 853 999 885 de-

331 905 434 939 functi
458 906 654 939 haeredibus
679 906 794 947 citatis,
817 912 853 939 ut
882 917 998 950 proce-

332 959 428 992 datur
448 959 543 993 etiam
570 965 682 993 contra
711 959 942 993 condemnatos
966 960 998 993 in

331 1013 584 1054 contumaciam,
612 1018 643 1047 et
672 1013 706 1046 in
726 1024 933 1057 quacumque
953 1014 998 1047 in-

331 1066 458 1108 stantia,
480 1077 539 1110 pro
562 1077 771 1110 quacumque
796 1077 900 1111 poena
925 1078 997 1101 cor-

328 1121 421 1164 ·poris
441 1121 598 1162 afflictiva,
620 1120 696 1154 604.

241 1174 346 1208 LXIII.
372 1174 417 1208 De
450 1174 688 1218 parochialium
715 1174 925 1208 ecclesiarum
948 1186 999 1208 va-

333 1228 479 1269 catione,
511 1228 707 1261 vicariorum
733 1229 919 1262 earumdem
942 1229 998 1263 de-

331 1281 511 1326 putatione,
536 1282 792 1315 examinatorum
828 1282 995 1323 electione,

335 1335 630 1379 promovendorum
653 1335 800 1369 examine
824 1341 855 1369 et
874 1336 997 1370 idonei-

331 1394 406 1427 tate,
429 1399 557 1422 necnon
583 1389 776 1422 idoneorum
797 1389 998 1424 institutione

333 1443 372 1476 ab
395 1442 568 1476 ordinariis
587 1442 746 1483 facienda,
768 1442 844 1477 605.

243 1496 533 1541 LXIV.Spoliorum
542 1495 672 1530 nomine
684 1496 722 1529 ad
730 1496 938 1530 reverendam
946 1497 999 1531 Ca-

332 1561 454 1583 meram
467 1550 683 1594 Apostolicam
703 1551 918 1594 spectantium
933 1563 999 1586 non

331 1604 464 1637 veniunt
483 1609 673 1637 ornamenta
693 1610 724 1637 et
743 1611 932 1648 paramenta
948 1616 1000 1640 ec-

333 1657 516 1699 clesiarum,
525 1668 585 1691 nec
594 1658 807 1701 supellectilia
813 1659 998 1701 domestica,

331 1721 437 1755 neque
447 1711 532 1744 hona
548 1711 755 1752 clericorum,
769 1711 826 1755 qui
843 1712 1000 1746 beneficia

332 1770 388 1798 aut
406 1765 578 1809 pensiones
601 1775 668 1798 non
701 1765 890 1799 excedentes
914 1777 1000 1799 sum-

334 1829 420 1852 mam
439 1818 631 1852 ducatorum
652 1818 781 1862 triginta
801 1819 996 1862 habuerunt,

334 1872 387 1906 sed
409 1883 520 1906 eorum
533 1872 678 1906 ecclesiis
690 1872 759 1906 dari
774 1873 902 1914 debent,
920 1874 995 1909 609.

245 1927 330 1961 LXV.
358 1926 540 1960 Iurisdictio
565 1927 737 1960 consulum
762 1927 839 1960 artis
859 1928 950 1961 lanae
966 1929 998 1962 in

334 1980 430 2021 Urbe,
453 1980 668 2024 cognoscendi
688 1991 817 2014 caussas
837 1982 876 2014 ad
896 1987 997 2016 artem

334 2035 436 2079 ipsam
456 2039 648 2078 spectantes,
670 2033 746 2068 612.

245 2088 344 2123 LXVI.
361 2088 539 2121 Declaratio
550 2089 638 2132 quod
654 2087 863 2122 Ordinestam
885 2089 915 2123 S.
938 2090 998 2124 Do-

333 2142 457 2184 minici,
489 2147 519 2175 et
546 2141 578 2175 S.
605 2142 778 2184 Francisci,
800 2154 897 2186 quam
919 2144 997 2177 Ere-

334 2196 486 2230 mitarum
507 2195 538 2230 S.
558 2196 740 2240 Augustini,
763 2201 794 2230 et
813 2196 996 2232 Carmelita-

335 2261 421 2291 rum,
451 2261 488 2283 ac
514 2250 686 2284 Servorum
714 2251 748 2284 Β.
778 2250 894 2285 Mariae
923 2258 998 2285 sunt

332 2315 405 2338 vere
419 2310 449 2338 et
468 2304 599 2348 proprie
615 2303 750 2338 Ordines
761 2304 902 2348 religiosi
914 2306 998 2339 Men-

334 2357 488 2399 dicantes,
511 2357 605 2390 etiam
621 2358 646 2391 si
664 2357 697 2390 in
713 2358 879 2391 communi
898 2359 994 2400 bona,

333 2410 478 2455 quamvis
506 2411 696 2453 immobilia,
719 2412 916 2456 possideant,
946 2425 998 2447 eo·

336 2470 474 2504 rumque
482 2460 593 2505 gratiis
607 2461 757 2495 omnibus
769 2462 994 2506 perfruuntur,

245 2508 550 2601 valffiffsphibitio
560 2559 749 2592 transeundi
758 2559 797 2592 ab
809 2559 927 2593 Ordine
938 2561 998 2594 sra-

335 2601 422 2641 trui‘fl
454 2606 613 2641 Minorum
648 2608 930 2652 Cappuccinorum
962 2610 993 2644 S.

335 2656 358 2692 F
361 2656 498 2691 rancisci
517 2657 556 2690 de
575 2657 693 2691 Assisio
713 2657 752 2691 ad
772 2657 919 2693 ordinem
939 2658 996 2694 Mi-

1661 255 1676 289 1
1685 255 1749 290 043

1126 317 1290 351 nimorum
1311 317 1418 350 Sancti
1439 315 1598 350 Francisci
1619 316 1658 350 de
1677 316 1787 357 Paula,

1127 377 1157 404 et
1177 377 1298 412 contra,
1320 371 1395 405 617.

1040 424 1165 458 LXVIII.
1193 425 1392 466 llomicidae,
1415 424 1606 469 blasphemi,
1624 434 1789 458 sacrarum

1128 478 1304 522 imaginum
1322 489 1540 522 percussores,
1569 478 1696 521 aliaque
1712 488 1792 511 non-

1128 533 1216 565 nulla
1236 539 1397 576 patrantes
1417 533 1535 566 delicta
1555 532 1586 565 in
1607 532 1791 577 principatu

1127 585 1322 626 Cataloniae,
1358 597 1456 629 regno
1486 587 1669 630 Aragonum
1685 612 1693 626 ,
1735 595 1790 619 co-

1128 638 1291 672 mitatibus
1311 639 1483 673 Rosilionis
1502 645 1532 673 et
1557 639 1744 680 Ceritaniae‚
1761 645 1792 673 et

1127 692 1348 734 confugientes
1384 693 1423 725 ad
1459 693 1626 734 ecclesias,
1658 698 1792 737 possunt

1128 755 1186 788 per
1220 746 1344 779 iudices
1368 746 1560 787 saeculares,
1587 757 1661 780 cum
1690 746 1790 780 inter-

1127 803 1222 831 ventu
1251 798 1395 832 iudicum
1418 799 1728 840 ecclesiasticorum,
1750 799 1789 833 ab

1128 850 1248 884 eisdem
1274 852 1418 885 ecclesiis
1438 853 1570 893 extrahi,
1587 853 1661 886 617.

1039 903 1140 937 LXIX.
1164 905 1300 938 Litterae
1313 905 1401 938 Pauli
1423 906 1460 939 IV
1479 911 1509 939 et
1519 906 1565 939 Pii
1581 907 1617 939 lv
1632 916 1690 950 per
1710 916 1789 950 quas

1128 958 1279 992 statuitur
1303 959 1437 992 clericos
1469 960 1667 1003 principatus
1697 959 1787 993 Cata-

1128 1012 1233 1046 loniae
1253 1018 1283 1046 et
1300 1012 1477 1046 Comitatus
1500 1013 1672 1047 Rosilionis
1685 1013 1719 1046 in
1730 1014 1788 1047 ha-

1127 1065 1197 1098 bitu
1208 1071 1239 1099 et
1254 1071 1386 1099 tonsura
1400 1066 1550 1100 incedere
1569 1067 1696 1108 debere,
1711 1066 1788 1101 alias

1129 1119 1294 1163 privilegio
1317 1121 1457 1154 clericali
1478 1132 1542 1154 non
1556 1122 1726 1164 gaudeant,
1738 1132 1789 1155 va-

1127 1173 1193 1206 lent
1204 1179 1234 1206 et
1254 1173 1389 1217 intelligi
1409 1174 1526 1208 debent
1538 1175 1623 1208 iuxta
1634 1175 1790 1209 terminos

1128 1227 1260 1270 capituli
1293 1237 1324 1260 vi
1358 1227 1506 1261 sessionis
1543 1238 1617 1261 xxm
1657 1228 1789 1262 Concilii

1127 1280 1318 1321 Tridentini,
1341 1281 1416 1315 619.

1039 1333 1127 1368 LXX.
1145 1333 1236 1373 Quod
1265 1334 1366 1379 spolia
1392 1335 1626 1369 monachorum
1663 1335 1791 1369 Ordinis

1127 1387 1347 1421 Cisterciensis
1368 1393 1512 1433 spectent
1531 1389 1568 1421 ad
1581 1390 1651 1422 loca
1671 1394 1701 1422 et
1721 1400 1790 1423 mo-

1127 1442 1266 1474 nasteria
1283 1441 1316 1474 in
1328 1441 1444 1485 quibus
1465 1443 1695 1486 professionem
1713 1443 1791 1476 emi-

1128 1501 1251 1536 serunt;
1273 1501 1303 1528 et
1329 1495 1593 1529 commendatarii
1620 1502 1675 1529 aut
1701 1507 1789 1531 com-

1129 1548 1266 1582 missarii
1296 1549 1499 1582 Reverendae
1524 1549 1675 1583 Gamerae
1703 1551 1788 1594 Apo-

1129 1602 1261 1635 stolicae
1282 1602 1315 1635 in
1336 1602 1398 1636 illis
1423 1613 1455 1636 se
1480 1613 1544 1636 non
1569 1602 1784 1637 intromittant

1129 1654 1205 1688 6022.

1041 1708 1142 1742 LXXI.
1160 1708 1285 1742 Fratres
1295 1708 1537 1750 Conventuales,
1555 1720 1681 1744 necnon
1693 1711 1789 1745 Tertii

1128 1761 1254 1796 Ordinis
1274 1763 1380 1796 Sancti
1400 1762 1573 1805 Francisci,
1597 1764 1654 1798 sub
1667 1764 1790 1808 Regula

1129 1815 1274 1849 eiusdem
1287 1816 1427 1857 Ordinis,
1444 1817 1595 1851 fratribus
1616 1818 1654 1851 de
1674 1817 1789 1852 Obser-

1127 1870 1208 1903 vatia
1222 1870 1380 1903 submittit
1397 1870 1429 1902 in
1447 1881 1546 1914 regno
1561 1871 1787 1914 Portugalliae,

1128 1924 1265 1958 extincta
1277 1924 1409 1957 omnino
1422 1924 1701 1965 conventualitate,
1711 1925 1785 1958 624.

1039 1978 1155 2012 LXXII.
1174 1978 1351 2012 Declaratio
1376 1978 1562 2022 portionum
1587 1978 1789 2021 assignanda-

1127 2042 1200 2065 rum
1230 2031 1356 2065 vicariis
1383 2032 1549 2076 perpetuis
1578 2031 1787 2065 ecclesiarum

1128 2085 1373 2130 parochialium,
1388 2084 1600 2124 monasteriis,
1611 2085 1788 2127 beneficiis,

1127 2140 1271 2173 ecclesiis
1290 2140 1338 2172 vel
1359 2139 1437 2172 locis
1457 2138 1517 2182 piis
1536 2144 1693 2183 perpetuo
1713 2139 1787 2173 uni-

1126 2199 1245 2233 tarum,
1267 2192 1342 2226 628.

1038 2246 1166 2280 LXXIII.
1190 2246 1366 2280 Prohibitio
1381 2245 1559 2289 agitationis
1574 2250 1742 2279 taurorum
1756 2257 1787 2280 a·

1127 2301 1308 2343 liarumque
1327 2299 1466 2332 ferarum
1495 2298 1682 2340 bestiarum,
1711 2310 1785 2333 cum

1127 2355 1345 2388 annullatione
1370 2358 1518 2386 votorum
1540 2358 1570 2385 et
1585 2353 1784 2387 iuramento-

1126 2419 1199 2441 rum
1220 2408 1359 2451 desuper
1376 2406 1605 2447 adhibitorum,
1626 2406 1700 2440 630.

1038 2458 1164 2493 LXXIV.
1213 2456 1445 2495 Correctiones,
1480 2456 1565 2489 iuxta
1594 2455 1784 2489 sententiam

1126 2507 1240 2541 Sacrae
1251 2505 1784 2549 CongregationisConcilii,facien-

1127 2557 1184 2590 dae
1205 2557 1236 2588 in
1257 2555 1395 2588 concilio
1415 2554 1593 2595 Valentino,
1607 2554 1682 2588 631.

1037 2605 1150 2641 LXXV.
1173 2604 1348 2638 Declaratio
1364 2604 1450 2647 quod
1470 2603 1555 2637 Ordo
1575 2603 1709 2637 fratrum
1725 2602 1782 2636 Mi-

1126 2655 1289 2689 nImorum
1309 2654 1342 2688 S.
1358 2652 1519 2687 Francisci
1539 2654 1579 2687 de
1592 2653 1691 2687 Paula
1701 2653 1784 2686 inter
