2237 3100
46 288 95 316 An.
113 287 141 315 C.
159 287 226 315 1562

53 556 154 577 Clausala
169 562 224 584 prm-

39 588 163 610 nervativao.

53 2381 162 2405 Decretum
181 2385 211 2405 ir-

27 2414 98 2436 rttnns.

52 2577 160 2600 ctauuutm
176 2579 211 2600 de-

26 2610 150 2635 rogatortae.

916 284 983 309 PIUS
1007 285 1037 308 1v
1061 284 1109 308 ΡΡ.

239 340 314 374 inde
334 339 454 372 secutis
473 338 752 382 quibuscumque,
774 338 881 375 nulla,
906 337 993 370 irrita

241 397 272 427 et
291 392 399 426 inania
419 392 606 435 nulliusque
626 391 752 425 roboris
771 392 819 424 vel
840 392 993 423 momenti

239 448 318 480 fore.

283 496 349 540 §9.
380 496 566 528 Praesentes
600 506 749 538 quoque,
776 494 836 527 sub
863 494 994 537 quibus-

238 560 378 593 cumque
415 549 692 588 revocationibus,
720 547 929 591 suspensione
963 553 993 580 ct

238 602 493 648 exceptionibus,
519 603 672 635 similium
706 602 754 634 vel
787 600 991 634 dissimilium

237 657 426 701 gratiarum,
449 656 546 689 etiam
567 666 625 700 pei·
645 665 703 688 nos
731 659 762 687 et
790 664 992 687 successores

235 715 363 745 nostros
396 710 558 742 Romanos
586 709 757 741 Pontifices
791 712 845 740 aut
877 707 991 740 Sedent

235 764 452 808 Apostolicam
481 763 530 796 vel
564 762 633 795 eius
667 762 797 804 legatos,
818 761 913 794 ctiam
934 772 992 804 per

234 818 363 861 regulas
377 816 595 850 Cancellariae
616 814 817 859 Apostolicae
838 825 896 858 pro
912 819 992 847 tem-

234 881 313 916 pore
334 870 432 904 factas
452 870 492 903 ad
517 870 658 902 favorem
679 867 818 901 fabricae
838 868 990 901 basilicae

232 923 393 968 Principis
411 923 643 967 Apostolorum
672 922 711 955 de
736 921 833 961 Urbe,
856 921 992 955 nullate-

233 989 295 1012 nus
315 978 584 1021 comprehensas,
606 976 660 1009 sed
695 985 823 1018 semper
855 975 894 1007 ab
928 975 991 1008 illis

233 1031 362 1077 penitus
382 1036 413 1064 et
432 1030 565 1063 omnino
591 1034 753 1072 exemptas
777 1039 846 1061 esse
867 1033 897 1061 et
917 1039 991 1061 cen-

233 1085 315 1125 seri,
339 1096 398 1118 nec
424 1084 544 1117 eisdem
575 1082 799 1128 praesentibus
819 1093 877 1125 per
896 1093 990 1125 quas-

233 1149 374 1183 cumque
399 1138 509 1171 literas
529 1142 559 1170 et
574 1135 699 1181 quasvis
710 1136 838 1178 regulas
857 1146 990 1178 genera-

231 1193 278 1226 les
307 1196 338 1225 et
369 1191 545 1236 speciales,
577 1189 672 1223 etiam
711 1188 989 1231 derogatoriarum

232 1245 463 1289 derogatorias‚
481 1243 678 1277 efficaciores
693 1247 723 1275 et
743 1242 887 1275 insolitas
902 1243 989 1275 clau-

232 1299 318 1332 sulas
339 1303 370 1331 et
388 1297 547 1331 irritantia
571 1297 718 1336 decreta,
741 1295 800 1328 sub
830 1306 988 1339 quacum-

231 1362 294 1395 que
327 1352 500 1385 verborum
530 1349 734 1394 expressione
764 1349 796 1382 in
831 1359 863 1382 se
889 1349 990 1382 conti-

230 1409 355 1446 nentes,
377 1404 525 1448 derogari
537 1415 649 1448 posse3
672 1408 702 1436 et
713 1403 738 1435 si
749 1402 811 1436 illis
831 1403 898 1435 ullo
919 1413 990 1435 urn-

231 1469 330 1503 quam
349 1464 509 1502 tempore,
531 1469 568 1491 ex
587 1457 695 1501 aliqua
705 1456 799 1490 etiam
816 1461 989 1500 quantum-

229 1512 276 1546 vis
295 1512 476 1546 necessaria
497 1517 528 1545 et
547 1510 774 1555 urgentissima
791 1521 887 1543 causa
901 1537 908 1551 ,
931 1511 987 1544 de-

231 1566 339 1609 rogari
372 1565 556 1609 contingat,
579 1564 640 1598 nisi
674 1570 768 1598 tenor
788 1564 918 1597 illarum
949 1565 987 1597 de

230 1620 327 1654 verbo
349 1620 389 1653 ad
406 1620 554 1660 verbum,
577 1618 657 1652 nihil
679 1618 810 1659 omisso,
833 1619 984 1659 insertus,

231 1678 262 1708 et
298 1673 485 1707 huiusmodi
524 1672 688 1716 derogatio
723 1672 988 1705 consistorialiter

230 1729 334 1768 facta,
356 1732 387 1761 et
421 1738 479 1771 per
510 1727 611 1760 trinas
631 1732 661 1759 et
681 1726 846 1760 distinctas
879 1726 987 1760 literas

231 1781 382 1815 eumdem
408 1788 554 1815 tenorem
580 1780 797 1820 continentes,
820 1780 923 1813 tribus
944 1781 986 1813 si-

231 1835 362 1869 milibus
377 1835 535 1869 distinctis
554 1834 686 1874 vicibus,
708 1834 914 1874 monialibus,
931 1845 987 1877 gu-

228 1889 456 1923 bernatoribus
476 1894 507 1922 et
526 1888 686 1933 deputatis
711 1888 891 1933 ceterisque
912 1899 985 1932 per-

229 1943 316 1976 sonis
335 1943 509 1988 praedictis
528 1942 669 1986 legitime
690 1942 836 1975 intimata
857 1948 887 1975 et
908 1943 984 1976 insi-

227 2001 325 2031 nuata
350 1996 468 2037 fuerit,
492 2007 671 2041 eorumque
701 2007 871 2040 expressus
892 2007 984 2030 acce-

228 2051 282 2084 dat
310 2050 349 2083 ad
376 2050 408 2083 id
437 2060 631 2091 consensus,
658 2050 901 2093 derogationem
927 2061 984 2083 ne-

228 2104 307 2138 mini
328 2104 509 2148 suffragari,
530 2114 590 2138 nec
612 2105 773 2149 praesenti
799 2110 888 2137 motu
908 2115 984 2149 pro-

227 2159 298 2204 prio
324 2168 383 2202 per
405 2168 647 2202 quamcumque
668 2157 927 2199 concessionem,
950 2169 984 2191 e-

227 2212 303 2246 tiam
338 2218 447 2245 nostra
480 2216 509 2245 et
543 2222 768 2245 successorum
798 2217 983 2245 nostrorum

227 2276 326 2299 manu
347 2265 516 2309 signatam,
534 2265 632 2299 fuisse
648 2271 678 2299 et
696 2266 763 2298 fore
780 2265 980 2308 derogatum.

271 2321 286 2364 ἓ
307 2320 359 2354 10.
384 2319 501 2363 Sicque
522 2330 580 2363 per
601 2330 825 2362 quoscumque
846 2319 980 2361 iudices,

226 2373 337 2418 quavis
374 2373 564 2407 auctoritate
583 2400 590 2413 ‚
627 2373 721 2406 etiam
757 2373 981 2415 cardinalatus,

226 2427 351 2461 sublata
371 2431 443 2467 etc„
460 2426 595 2459 iudicari
617 2426 746 2466 debere;
761 2426 887 2460 irritum
904 2438 982 2471 quo-

226 2488 290 2521 que
307 2482 365 2510 etc.

270 2525 358 2569 gil.
390 2525 459 2558 Non
489 2524 690 2558 obstantibus
715 2525 917 2569 praemissis,
945 2536 982 2559 ac

225 2575 327 2609 felicis
347 2574 579 2608 reeordationis
599 2573 751 2607 Bonisacii
775 2574 878 2618 Papae
898 2575 979 2616 VIII,

227 2624 323 2658 etiam
357 2623 614 2669 praedecessoris
639 2624 754 2663 nostri,
776 2623 814 2656 de
848 2634 928 2665 una,
952 2630 982 2658 et

228 2675 262 2708 in
278 2673 414 2708 consilio
433 2673 576 2718 generali
596 2673 680 2708 edita
699 2672 738 2707 de
758 2673 883 2708 duabus
897 2673 982 2708 diae-

1683 274 1746 308 175

1036 337 1090 377 tis,
1112 337 1288 370 dummodo
1314 347 1379 370 non
1403 337 1487 369 ultra
1520 342 1583 369 tres
1613 337 1732 369 diaetas
1752 337 1790 369 ad

1037 390 1192 423 iudicium
1227 391 1371 430 trahant,
1390 390 1524 433 aliisque
1552 389 1790 423 constitutioni-

1035 445 1095 476 bus
1128 449 1159 476 et
1187 443 1444 476 ordinationibus
1473 443 1657 487 apostolicis
1685 449 1716 475 et
1745 444 1790 476 sa-

1035 498 1142 530 bricae
1154 497 1349 541 praedictae,
1363 507 1490 529 necnon
1499 496 1719 540 hospitalium,
1741 507 1791 529 cc-

1035 551 1219 588 clesiarum,
1242 550 1514 583 monasteriorum
1534 555 1564 582 et
1584 549 1722 583 aliorum
1739 561 1790 582 re-

1034 605 1196 647 gularium
1227 610 1258 637 et
1293 604 1423 648 piorum
1451 604 1599 636 locorum
1633 614 1670 636 ac
1703 603 1791 637 Ordi-

1034 669 1129 697 num,
1153 669 1293 702 quorum
1323 657 1369 689 illi
1399 657 1578 697 extiterint,
1602 662 1632 690 et
1651 657 1790 690 aliorum

1033 722 1318 755 quorumcumque
1357 711 1504 743 locorum
1538 716 1761 753 exemplorum
1780 737 1788 750 ,

1034 765 1214 797 iuramento
1249 769 1306 797 etc.
1343 763 1502 797 roboratis
1516 791 1523 804 ,
1556 764 1680 797 statutis
1708 769 1765 798 etc.
1780 792 1787 806 ,

1033 818 1206 861 privilegiis
1253 828 1384 861 quoque
1403 845 1409 858 ‚
1456 817 1587 850 indultis
1605 845 1612 858 ,
1661 828 1788 852 necnon

1034 870 1280 904 conservatoriis
1314 876 1341 903 ct
1381 870 1623 914 exemptoribus
1648 872 1658 899 1
1697 883 1733 905 ac
1753 872 1790 905 li-

1033 924 1110 957 teris
1129 924 1314 967 apostolicis
1344 923 1375 956 ln
1406 924 1509 956 forma
1529 929 1636 957 motus
1664 926 1788 970 proprii

1033 977 1153 1011 eisdem
1174 977 1320 1021 Capitolii
1346 977 1500 1017 Romani,
1523 987 1649 1011 necnon
1671 979 1788 1013 iudici-

1032 1030 1104 1071 bus,
1128 1031 1236 1070 curiis,
1258 1030 1473 1063 tribunalibus
1493 1035 1523 1063 et
1544 1041 1656 1064 eorum
1675 1043 1788 1075 perso-

1032 1084 1090 1123 nis,
1108 1095 1166 1128 per
1186 1094 1410 1127 quoscumque
1432 1083 1593 1116 Romanos
1603 1084 1786 1127 Pontifices,

1033 1138 1296 1181 praedecessores
1316 1142 1454 1177 nostros,
1476 1148 1513 1169 ac
1538 1148 1596 1170 nos
1620 1142 1651 1170 et
1673 1138 1789 1173 Sedent

1031 1191 1262 1234 Apostolicam,
1281 1190 1375 1223 etiam
1392 1195 1482 1223 motu
1499 1190 1632 1235 proprio
1648 1202 1685 1224 ae
1700 1193 1788 1233 alias,

1032 1244 1091 1276 sub
1112 1244 1374 1287 quibuscumque
1394 1244 1563 1277 tenoribus
1579 1249 1609 1277 et
1624 1245 1736 1279 formis
1751 1257 1789 1280 ac

1032 1308 1106 1330 cum
1141 1297 1308 1341 quibusvis
1338 1297 1493 1331 clausulis
1527 1302 1558 1330 et
1591 1298 1727 1332 decretis
1756 1300 1788 1333 in

1031 1351 1231 1383 contrarium
1253 1351 1495 1395 quomodolibet
1519 1351 1689 1391 concessis,
1710 1363 1787 1386 nec-

1031 1415 1096 1437 non
1117 1405 1412 1445 reformationibus,
1431 1404 1527 1437 etiam
1558 1404 1681 1438 noviter
1699 1406 1788 1439 sactis

1031 1469 1067 1491 ac
1088 1458 1182 1491 etiam
1204 1464 1294 1491 motu
1315 1459 1449 1503 proprio
1471 1458 1567 1491 simili
1587 1460 1785 1503 approbatis,

1031 1511 1126 1545 etiam
1147 1512 1185 1545 de
1210 1512 1449 1545 reassumendis
1477 1512 1596 1545 eisdem
1623 1512 1728 1546 causis
1747 1514 1788 1547 ad

1031 1566 1136 1599 sorum
1159 1577 1214 1599 seu
1235 1566 1364 1599 Curiam
1385 1565 1554 1610 Capitolii,
1577 1566 1695 1609 quibus
1720 1577 1788 1600 om-

1030 1620 1137 1657 nibus,
1159 1619 1253 1652 etiam
1275 1620 1301 1653 si
1323 1620 1361 1653 de
1382 1619 1445 1653 illis
1469 1624 1541 1660 etc„
1563 1625 1692 1653 tenores
1711 1625 1784 1662 etc„

1030 1684 1066 1707 ac
1087 1673 1112 1706 si
1133 1672 1165 1706 in
1187 1673 1293 1717 specie
1310 1672 1534 1717 praesentibus
1550 1673 1783 1715 insererentur,

1029 1733 1093 1760 tam
1128 1727 1159 1759 in
1190 1737 1308 1770 genere
1333 1738 1430 1770 quam
1451 1727 1483 1760 in
1505 1728 1624 1772 specie,
1647 1727 1686 1761 ad
1707 1727 1784 1762 effe-

1030 1782 1116 1810 ctum
1152 1776 1341 1809 sufficientis
1370 1776 1587 1820 derogationis
1617 1787 1676 1819 pro
1716 1777 1782 1810 suf-

1029 1830 1175 1863 ficienter
1195 1830 1352 1874 expressis
1372 1831 1527 1863 habentes
1547 1836 1577 1863 et,
1597 1831 1716 1864 habere
1735 1831 1786 1864 de-

1029 1888 1209 1924 cernentes,
1232 1885 1348 1918 harum
1370 1884 1463 1924 serie,
1479 1884 1662 1928 specialiter
1681 1889 1712 1917 et
1732 1895 1786 1917 ex-

1029 1949 1148 1982 presse,
1172 1945 1260 1972 motu
1283 1939 1378 1972 simili
1395 1944 1477 1972 etex
1498 1944 1585 1972 certa
1607 1938 1738 1972 scientia
1749 1950 1785 1973 ac

1028 1988 1066 2021 de
1086 1988 1251 2032 potestatis
1272 1988 1468 2033 apostolicae
1493 1988 1706 2033 plenitudine,
1727 1989 1783 2022 de-

1028 2048 1180 2081 rogamus
1214 2043 1243 2071 et
1277 2038 1475 2071 sufficienter
1504 2037 1694 2081 derogatum
1716 2048 1784 2072 esse

1027 2087 1243 2126 decernimus,
1260 2086 1441 2131 ceterisque
1458 2086 1629 2120 contrariis
1651 2087 1784 2131 quibus-

1027 2148 1178 2181 cumque,

1070 2186 1106 2230 §l
1116 2186 1146 2219 22.
1159 2186 1314 2220 Volumus
1323 2191 1430 2219 autem
1442 2185 1528 2228 quod
1539 2186 1706 2229 prfesentis
1716 2198 1782 2221 mo-

1027 2240 1077 2269 tus
1086 2235 1209 2279 proprii
1220 2237 1285 2269 sola
1296 2236 1459 2279 signatura
1470 2236 1606 2269 sufficiat
1619 2242 1647 2269 et
1661 2237 1781 2280 ubique

1026 2284 1121 2318 fidem
1143 2285 1253 2325 saciat,
1277 2290 1340 2317 tam
1362 2285 1392 2317 in
1414 2285 1533 2317 iudicio
1555 2296 1651 2328 quam
1673 2292 1780 2327 extra,

1026 2335 1169 2367 clausula
1190 2334 1353 2367 ordinaria
1371 2345 1435 2367 non
1453 2334 1611 2375 obstante;
1629 2336 1782 2379 quodque

1025 2385 1242 2429 praesentium
1270 2384 1495 2428 transumptis,
1517 2395 1615 2417 manu
1644 2385 1782 2419 alicuius

1025 2433 1140 2467 notarii
1169 2434 1289 2478 publici
1311 2433 1501 2477 subscriptis
1518 2439 1546 2466 ct
1560 2434 1663 2477 sigillo
1685 2446 1780 2478 prae-

1024 2483 1099 2517 dicti
1117 2483 1308 2526 protectoris
1324 2493 1378 2515 seu
1396 2483 1529 2516 alterius
1544 2483 1780 2527 cuiuscumque

1025 2543 1182 2576 personae
1204 2533 1235 2565 in
1257 2532 1409 2575 dignitate
1431 2532 1647 2566 ecclesiastica
1663 2533 1780 2566 consti-

1024 2587 1110 2615 tutae
1130 2583 1178 2615 vel
1200 2582 1309 2615 curiae
1322 2581 1496 2615 saecularis
1508 2582 1652 2623 munitis,
1666 2583 1777 2616 eadem

1024 2641 1156 2676 prorsus
1184 2631 1262 2663 fides
1294 2630 1495 2671 adhibeatur,
1520 2631 1633 2663 tamin
1658 2631 1778 2664 iudicio

1061 2685 1071 2710 t
1094 2685 1326 2718 Exemptionibus,
1342 2683 1457 2712 Cherub.
1480 2684 1517 2720 (ti,
1539 2683 1587 2719 T.).

1806 283 1855 309 An.
1874 281 1902 307 C.
1923 282 1989 309 1562

1820 2192 1868 2213 Sola
1877 2194 1985 2220 §leuatum

1796 2223 1880 2245 sufficit.
