2237 3100
111 230 161 257 An.
180 230 209 257 G.
227 232 293 259 156&

141 1627 284 1647 ministrorum

101 1658 201 1678 Camenae
222 1663 284 1685 expe-

101 1690 193 1710 ditiones
227 1691 283 1715 regi-

101 1720 286 1745 streniametsub-

101 1752 287 1773 scrihnnturaier-

101 1789 125 1808 gn
141 1788 179 1810 per
196 1789 284 1810 canipu-

101 1817 189 1835 latores,

112 2521 199 2543 Ministri
210 2524 280 2544 iurent

98 2557 119 2574 ot
142 2557 231 2575 caveant
259 2559 278 2575 ut

979 234 1046 257 PIUS
1071 234 1099 257 lV
1124 235 1170 257 PP.

308 284 501 317 describant.
526 284 778 318 Concessionum
800 297 930 330 quoque
952 298 1060 320 rerum

307 337 537 376 cameralium,
568 338 715 371 omnium
736 345 980 381 contractuum,
1007 340 1061 383 qui

306 390 460 424 continuo
493 391 526 423 in
561 391 696 424 Gamera
715 393 945 433 celebrantur,
968 405 1062 437 argu-

305 449 451 476 mentum
485 448 581 487 atque
623 445 845 486 substantiam,
881 457 1061 490 eorumque

305 497 389 530 diem
410 503 441 530 et
460 507 600 537 annum,
625 499 854 542 notariumque
875 500 948 533 inde
970 510 1061 542 roga-

306 556 373 583 tum
407 561 505 594 quam
539 550 725 584 brevissime
751 553 969 596 perstringant
1002 553 1058 585 de-

305 604 511 647 clarentque;
538 604 705 637 Gameram
730 611 761 638 et
784 606 1060 640 administratores

303 667 540 701 quoscumque,
568 662 666 702 prout
690 669 740 691 res
761 660 980 702 postulaverit,
1004 660 1059 692 de-

302 711 424 744 bitores
448 715 479 743 et
502 711 690 752 creditores,
722 722 903 756 eorumque
934 712 1061 757 quanti-

301 769 382 797 tates
416 764 519 797 claras
547 770 643 808 atque
678 765 845 799 distinctas
880 771 1056 809 apponant.

300 817 456 858 Nuntios,
479 817 575 851 etiam
596 819 809 862 apostolicos,
847 820 1056 858 collectores,

301 871 568 912 subcollectores,
590 872 822 913 thesaurarios,
846 873 1059 917 depositarios

301 929 332 957 et
364 924 621 964 commissarios,
653 926 866 968 pecuniarum
895 933 1059 959 exactores

300 988 338 1011 ac
359 977 502 1021 reliquos
524 989 648 1018 omnes,
672 979 727 1022 qui
748 980 787 1012 ad
812 979 943 1023 aliquod
964 982 1059 1022 nego-

302 1031 389 1064 cium
409 1030 562 1064 Gamerae
583 1031 817 1075 expediendum
838 1032 1058 1071 admittentur,

301 1084 441 1117 breviter
466 1085 688 1125 conscribant,
711 1085 831 1126 brevia,
864 1085 972 1119 literas
1001 1097 1057 1130 pa-

302 1143 404 1171 tentes
426 1143 458 1171 et
486 1138 654 1171 facultates
685 1149 722 1171 ac
744 1139 892 1172 mandata
913 1151 1057 1173 camera-

303 1191 346 1224 lia
364 1203 592 1235 quaecumque
621 1192 786 1232 adnotent,
822 1192 907 1225 diem
942 1198 972 1226 et
1000 1204 1058 1226 an-

301 1256 394 1285 num,
417 1246 535 1289 quibus
562 1246 615 1278 illa
640 1245 786 1289 expedita
808 1246 945 1287 suerint,
977 1247 1057 1280 adii-

302 1298 399 1339 ciant,
422 1304 452 1332 et
476 1310 493 1331 a
517 1310 582 1342 quo
608 1299 728 1332 clerico
748 1299 942 1343 subscripta,
966 1306 1056 1334 nota-

302 1352 415 1396 rioque
440 1352 596 1396 expedita.
613 1352 795 1396 etdenique
812 1353 867 1386 ubi
892 1353 1057 1396 regis-trata

302 1406 376 1447 sint,
398 1407 591 1450 compendio
612 1406 787 1450 explicent3
819 1419 902 1450 quae
927 1408 1056 1452 quidem

302 1459 409 1493 onmia
447 1466 478 1493 et
514 1460 639 1503 singula
673 1460 862 1505 incorrupta
892 1468 1058 1495 serventur

301 1518 332 1546 et
355 1513 479 1557 integra
500 1514 735 1547 custodiantur.

344 1568 359 1611 ἓ
379 1566 432 1600 49.
457 1567 625 1601 Praeterea
646 1569 795 1601 volumus
816 1574 846 1601 et
871 1569 1058 1602 ordinamus

300 1631 413 1654 omnes
446 1621 611 1665 quibusvis
646 1622 789 1665 negociis
823 1623 1055 1661 camenalibus,

301 1679 363 1707 tam
387 1674 417 1707 in
435 1675 517 1708 Urbe
547 1687 644 1718 quam
665 1682 753 1709 extra
766 1687 847 1715 ruini,
866 1679 1055 1720 praeimus,

300 1734 473 1772 antequam
495 1729 549 1762 illa
570 1736 749 1770 exerceant,
777 1736 807 1763 et
835 1731 875 1763 al)
901 1731 985 1763 Urbc
1008 1742 1056 1763 re·

300 1783 425 1822 cedant,
442 1783 661 1826 expeditiones
672 1795 757 1823 suas,
776 1795 985 1828 quocumque
1003 1796 1057 1817 no—

301 1836 387 1869 mine
408 1826 621 1881 nuncupatas,
642 1837 763 1871 eisdem
777 1839 1057 1882 computatoribus

300 1890 332 1922 in
353 1890 466 1923 eodem
493 1890 575 1923 libro
596 1891 796 1924 adnotandas
816 1892 988 1929 exhihere,
1008 1893 1056 1935 ip-

299 1954 426 1987 sasque,
462 1943 521 1977 nisi
542 1944 588 1977 sic
616 1945 783 1977 adnotatas
816 1950 846 1977 et
866 1945 898 1977 in
928 1946 1055 1978 illarum

299 2002 388 2040 tergo
401 1998 606 2041 peralterum
627 2008 663 2030 ex
680 1997 800 2031 eisdem
822 1999 1056 2041 computatori-

298 2051 359 2083 bus
378 2050 416 2083 de
437 2051 499 2083 hoe
522 2051 619 2084 sidem
640 2044 810 2084 facientem
839 2052 1054 2096 subscriptas,

298 2103 360 2136 illis
376 2104 500 2137 restitui
522 2104 656 2137 omnino
682 2105 905 2149 prohibemus.
930 2106 990 2138 Pro
1007 2118 1055 2139 ea-

298 2168 370 2190 rum
391 2168 466 2190 vero
482 2157 723 2200 expeditionum
741 2159 960 2199 adnotatione,
983 2160 1056 2192 sul)-

297 2211 472 2254 scriptione
502 2217 532 2244 et
565 2211 784 2251 restitutione,
814 2219 1056 2256 computatores

298 2264 430 2309 praefati
456 2271 587 2297 caveant
616 2276 633 2297 a
654 2265 812 2309 partibus,
844 2266 939 2299 etiam
971 2268 1055 2300 ultro

297 2318 458 2359 dantibus,
482 2319 657 2362 quiequam
678 2318 844 2362 accipere,
864 2321 951 2362 quod
967 2320 991 2353 si
1009 2332 1055 2353 se-

297 2378 354 2400 cus
375 2368 521 2408 fecerint,
545 2378 649 2411 poena
674 2367 860 2411 privationis
881 2369 977 2401 officii
998 2380 1053 2402 seu

297 2416 375 2449 alias
396 2417 529 2450 arbitrio
550 2417 703 2450 Gamerae
729 2417 918 2461 puniantur.

340 2467 428 2511 550.
456 2468 493 2500 Et
513 2467 647 2511 insuper
679 2468 766 2510 quod
795 2478 919 2508 omnes,
943 2469 1053 2502 euius-

296 2526 436 2559 cumque
457 2517 576 2559 gradus
603 2521 699 2559 atque
732 2516 894 2559 dignitatis
915 2517 1050 2559 fuerint,

1752 223 1810 255 3³21

1105 287 1372 319 ministrationem
1395 286 1581 329 suscipiant,
1608 286 1715 318 iurent
1739 286 1771 318 iu
1793 297 1859 319 ma-

1104 339 1200 373 nibus
1226 339 1397 372 camerarii
1426 339 1525 372 nostri
1557 340 1728 381 negocium
1756 345 1860 383 *atque

1104 404 1216 426 euram
1247 393 1306 426 sibi
1341 393 1546 426 commissam
1566 398 1653 425 recte
1674 398 1704 425 et
1723 393 1862 426 fideliter

1104 457 1136 479 se
1157 457 1225 479 esse
1246 451 1404 488 gesturos,
1430 446 1571 478 rationes
1587 451 1732 490 tempore
1753 447 1860 479 debito

1104 500 1162 531 rite
1183 499 1378 539 reddituros,
1403 498 1565 542 reliquum
1593 499 1808 540 restituturos,
1826 501 1861 532 li-

1103 553 1243 596 brosque
1272 553 1434 585 rationum
1456 551 1596 595 legitime
1617 553 1861 597 conscripturos

1103 616 1139 637 ac
1162 605 1232 638 illos
1252 606 1335 638 intra
1357 612 1496 649 tempus,
1512 606 1600 649 quod
1616 606 1673 646 eis,
1692 607 1769 639 dum
1789 618 1860 650 pro-

1103 658 1306 700 ficiscuntur,
1344 659 1522 703 praefixum
1544 659 1656 699 suerii,
1692 660 1786 693 etiam
1814 661 1860 693 in-

1103 711 1216 752 iussos,
1245 712 1277 745 in
1311 713 1478 745 Gameram
1514 712 1726 753 exhibituros,
1758 725 1858 759 eaque

1103 766 1211 798 onmia
1228 776 1260 799 se
1284 766 1343 798 rite
1366 771 1397 798 et
1417 766 1555 799 fideliter
1575 766 1785 810 praestituros
1803 780 1857 812 pe-

1103 828 1158 851 nes
1193 830 1295 852 unuin
1332 830 1369 852 ex
1395 819 1528 852 notariis
1557 819 1710 854 Gamerae
1745 821 1857 855 idonee

1102 878 1245 905 caveant.
1269 873 1312 905 Ac
1334 872 1440 905 cautio
1462 872 1506 905 sie
1527 873 1566 905 ab
1587 873 1631 905 eis
1652 874 1803 917 praestita
1826 875 1857 907 in

1102 924 1215 957 eodem
1236 925 1319 958 libro
1345 925 1459 958 maiori
1485 925 1524 957 ab
1550 926 1671 959 eisdem
1693 934 1859 971 eomputa-

1103 978 1226 1011 toribus
1246 979 1433 1011 summatim
1454 980 1644 1019 adnotetur,
1667 981 1754 1023 quod
1774 982 1799 1013 si
1821 982 1859 1014 al)

1101 1031 1156 1069 eis,
1168 1031 1399 1075 impedin‘iento
1410 1038 1563 1069 cessante,
1580 1034 1856 1076 praetermissum,

1101 1095 1159 1117 nec
1186 1085 1269 1117 intra
1297 1086 1419 1118 dictum
1441 1091 1570 1130 ternpus
1590 1086 1857 1129 impedimentum

1101 1137 1289 1171 huiusmodi
1319 1140 1450 1172 doctum
1481 1145 1576 1182 atque
1611 1140 1857 1183 comprobatum

1101 1191 1214 1231 fuerit,
1248 1192 1331 1225 ultra
1362 1203 1482 1237 poenas
1512 1193 1544 1225 in
1573 1193 1722 1226 cautione
1744 1194 1857 1227 liuius-

1100 1245 1188 1277 modi
1223 1251 1406 1286 contentas,
1447 1246 1579 1279 arbitrio
1609 1246 1761 1280 Gamerae
1796 1259 1857 1291 pu-

1100 1298 1241 1331 niantur.

1145 1353 1159 1395 ‘g'
1180 1353 1233 1386 51.
1260 1354 1358 1387 Iidem
1379 1366 1510 1399 quoque
1531 1361 1773 1400 computatores
1807 1358 1855 1389 in-

1100 1407 1277 1439 ventarium
1310 1419 1366 1441 seu
1392 1408 1531 1441 indicem
1558 1410 1704 1442 omnium
1735 1416 1765 1443 et
1794 1411 1856 1443 sin-

1100 1461 1253 1503 gulorum
1275 1461 1433 1495 librorum
1450 1469 1481 1496 et
1497 1465 1669 1503 rationum,
1682 1475 1765 1507 quae
1782 1465 1856 1497 liac-

1104 1520 1196 1547 tenus
1226 1515 1257 1547 in
1283 1516 1366 1548 dicta
1391 1516 1525 1550 Gamera
1550 1518 1692 1551 redditae
1722 1523 1796 1550 sunt.
1827 1524 1854 1551 et

1100 1569 1131 1601 in
1154 1574 1320 1612 posterum
1348 1571 1541 1610 reddentur,
1574 1571 1721 1604 distincte
1742 1577 1772 1605 et
1803 1583 1855 1605 or-

1100 1623 1207 1655 dinate
1233 1623 1419 1664 conficiant,
1452 1625 1482 1657 in
1508 1636 1572 1668 quo
1594 1625 1734 1658 rationes
1756 1626 1854 1669 ipsae,

1101 1676 1338 1720 cuiuscunapie
1361 1678 1405 1711 rei
1427 1678 1557 1717 tuerint,
1593 1690 1608 1711 a
1630 1690 1694 1722 quo
1724 1679 1859 1712 admini-

1100 1735 1215 1763 stratae
1246 1736 1273 1763 ct
1296 1731 1451 1771 redditae,
1484 1732 1612 1765 illarum
1640 1744 1770 1777 quoque
1791 1734 1857 1767 dies

1100 1790 1127 1818 et
1150 1796 1254 1817 annus
1275 1785 1408 1817 strictim
1431 1786 1713 1827 ‹tonituistrcnuug
1736 1799 1771 1820 ae
1795 1788 1855 1820 liu-

1100 1839 1149 1871 ius
1170 1839 1284 1872 indicis
1307 1850 1363 1872 seu
1383 1840 1549 1873 iuvmitarii
1566 1842 1750 1884 exemplum
1769 1848 1855 1874 uter-

1099 1904 1161 1935 que
1185 1903 1298 1925 eorum
1320 1893 1474 1926 continuo
1505 1894 1590 1937 apud
1616 1906 1647 1927 se
1674 1895 1854 1933 contiueat,

1099 1946 1216 1989 quilius
1242 1946 1360 1979 librum
1390 1948 1517 1980 nullum
1544 1948 1686 1980 nullasve
1718 1945 1857 1982 rationes

1099 2000 1137 2031 ad
1165 1999 1332 2033 Cameram
1356 2005 1557 2044 ssmctnnctes
1593 2001 1758 2044 cuiquam,
1796 2004 1855 2036 nisi

1099 2054 1217 2087 elerico
1234 2060 1260 2087 et
1280 2054 1445 2093 camerali,
1460 2055 1586 2087 tradere
1599 2055 1686 2087 velia
1707 2057 1855 2089 manitius

1099 2107 1259 2141 dimittere
1282 2109 1387 2141 liccat.
1418 2108 1450 2141 Si
1472 2107 1543 2151 quis
1564 2114 1671 2141 autem
1694 2120 1729 2141 ex
1751 2120 1855 2143 eame—

1098 2161 1220 2194 ralibus
1241 2173 1355 2195 eorum
1383 2162 1524 2206 alispiem
1556 2173 1613 2206 pro
1635 2163 1732 2195 relius
1753 2176 1855 2197 came-

1100 2215 1220 2247 ralibus
1240 2216 1345 2248 ridere
1367 2221 1395 2248 et
1417 2216 1502 2259 apud
1526 2226 1557 2247 se
1583 2216 1721 2249 retinere
1747 2219 1855 2251 volue-

1098 2267 1149 2307 rit,
1173 2269 1263 2302 illum
1290 2270 1328 2302 de
1352 2280 1449 2302 manu
1475 2269 1635 2302 dictorum
1655 2276 1855 2313 computato-

1098 2333 1169 2355 rum
1191 2324 1339 2367 accipiat,
1363 2329 1390 2357 et
1418 2324 1449 2356 iu
1467 2334 1579 2356 eorum
1609 2324 1716 2356 libello
1737 2326 1774 2357 ad
1793 2325 1853 2358 hoe

1098 2381 1220 2409 tantum
1243 2377 1395 2420 deputato
1417 2388 1448 2409 se
1475 2377 1565 2409 illum
1591 2378 1750 2421 recepisse
1777 2378 1853 2411 scri-

1096 2425 1160 2463 bat,
1183 2431 1211 2457 et
1234 2425 1391 2457 intradies
1405 2425 1603 2468 quindecim,
1622 2427 1849 2465 adsummum,

1096 2474 1319 2507 restituturum
1345 2474 1519 2517 promittat.
1543 2475 1601 2513 Qui
1618 2486 1691 2508 vero
1712 2487 1748 2508 ex
1765 2487 1853 2509 com-

1097 2524 1299 2565 ioiutatorilaeus
1321 2524 1350 2556 id
1373 2524 1477 2557 tacere
1499 2525 1686 2566 neglexerit,
1723 2537 1782 2558 suo
1812 2526 1849 2557 sit

98 2585 138 2606 me.
163 2585 279 2606 mmmm.
297 2575 346 2597 res
366 2564 466 2608 ipsius
487 2566 640 2599 Gamerae
660 2565 794 2598 ubilibet
819 2570 850 2598 ct
869 2568 1051 2609 quomodo·
1095 2572 1200 2605 officio
1226 2572 1294 2616 ips-‹⁷›
1316 2573 1385 2605 iure
1408 2573 1561 2617 privatus,
1589 2579 1616 2606 et
1640 2585 1697 2617 pro
1718 2574 1800 2606 libro
1821 2581 1848 2606 et

96 2619 165 2637 '’⁰⁸⁶¹''
189 2616 279 2638 ⁰⁶⁸¹⁵¹⁰¹
296 2624 436 2657 cumque
469 2613 740 2655 ἰῑίῙΠΙῙΠῙδῑΓΠῑῑΠἿ»
774 2614 965 2659 Pl'ilffllllssm
996 2616 1051 2649 ‘dd-
1068 2656 1077 2682 l
1095 2620 1261 2665 scripturis
1282 2627 1453 2666 propterea
1487 2622 1661 2667 deperditis
1694 2623 1848 2656 damnum

374 2666 449 2697 Buta.
472 2666 550 2698 Rom.
577 2666 631 2698 Vol.
659 2666 716 2698 VII.
918 2669 953 2699 41

1876 232 1925 257 Aa,
1944 232 1972 257 C.
1993 232 2060 258 15G'1

2016 304 2056 316 nan

1877 301 1972 323 &napata

1876 329 1997 348 reddentes⁴

1885 1366 2054 1391 (luinputatmam

1871 1398 1971 1416 hannoiae
2013 1396 2058 1416 nta-

1871 1432 1932 1447 Cium,
