2237 3100
23 336 72 362 An.
89 335 119 362 C.
139 334 201 361 ¹57¹

908 327 976 351 vics
994 327 1013 350 v
1032 326 1079 350 ιφ.
1662 309 1727 343 933
1788 319 1835 345 Αη.
1855 320 1883 345 c.
1903 318 1965 345 ¹571

529 383 660 416 uxelx.
1019 379 1065 411 vel
1104 376 1338 409 consuetudine
1379 374 1561 407 facultatem
1598 372 1880 407 habentes.«inam.-
1937 385 1970 404 wi

223 461 408 494 Declarate'o
429 460 644 503 quarumdam
675 458 857 490 [sumai-mn
885 466 980 498 snper
1020 431 1113 463 mam
1136 429 1359 488 .¹'al¹'i³r⁶l¹³ll'
1387 425 1675 485 archiepiscopali'
1704 417 1972 483 Cpi-}J{J,¹,]S¹,'1','.'.‡{¹,''‘'12¹‘ss

267 515 480 547 reservatione
512 513 733 555 beneficiorum
768 521 826 553 per
859 510 976 541 crintrn
1022 485 1142 528 ⁵⁰⁰P³¹l¹
1186 495 1222 516 ³⁰
1255 484 1362 515 forsan
1394 480 1614 513 ffisduffllssms
1649 479 1973 532 honoreffrfl'ss:„53¹2ngss

1023 538 1200 579 fulgentes,
1232 541 1411 569 asserentes
1440 545 1485 573 se,
1520 538 1684 577 praetextu
1717 524 1974 565 seuaninam-uuum<

1023 591 1131 633 vigore
1152 590 1339 622 facultatum
1361 599 1417 621 seu
1436 587 1637 620 indultorum
1664 586 1726 618 illis
1742 586 1774 618 in
1788 571 1965 624 {32:¹1⁸}Jss'j,¹.1'0⁸¹0'1⁰
1969 581 1975 614 j

1024 649 1219 687 perpetuum
1240 643 1286 675 rel
1308 642 1346 674 ad
1376 647 1514 685 tempus,
1544 640 1646 672 donec
1671 639 1775 672 eccle·
1791 636 1876 661 ΨΜ·

1025 697 1080 730 siis
1100 697 1147 729 rel
1169 695 1372 729 monasteriis
1405 699 1598 738 przeessent,
1629 693 1678 726 vel
1705 692 1778 725 illos

1026 750 1146 782 eisdem
1167 760 1304 792 praeesse
1326 748 1540 791 contingeret,
1563 746 1685 780 eisdem
1702 756 1778 790 per—

1028 802 1128 841 sonis,
1159 813 1216 846 per
1243 813 1302 835 nos
1333 807 1386 833 aut
1416 802 1579 834 Romanos
1608 799 1780 832 Pontifices

1029 856 1294 900 praedecessores
1315 860 1452 893 nostros,
1474 854 1513 887 de
1534 852 1700 886 beneficiis
1728 863 1780 885 ec-

272 569 412 600 hneresis
439 567 643 601 ‘vacuatitum
671 574 751 606 quac
780 574 798 595 ι(
827 563 891 595 solo
918 562 980 594 Ro-

271 631 370 654 mcmo
394 620 555 662 Pontifice
574 617 716 659 conferri
736 626 826 658 posse
849 615 978 653 statuit,

272 685 338 707 non
357 674 503 706 obstante
526 680 721 715 quocumque
737 669 909 712 pre'rileye'o
928 678 981 699 svn

273 728 343 759 inre
360 727 388 758 -1,

279 816 340 845 Pius
355 815 426 851 Papa
440 815 471 847 V,
491 815 524 842 ad
537 813 698 849 perpetuam
709 812 750 840 rei
764 810 932 839 memoriam.

276 897 373 929 Decet
391 895 576 928 Romanum
606 891 797 925 Pontificem
820 901 872 929 ca,
903 900 986 933 quae

60 960 192 981 ΡτοονιιιῑιυυΔ
233 949 408 993 abeodem
436 952 594 992 perpetuo
621 945 795 979 constituta
825 949 911 981 sunt,
948 954 986 975 ne

233 1001 507 1038 incontentionis
537 1000 730 1043 scrupulum
760 997 900 1030 cuiusvis
930 1007 988 1028 cu-

234 1057 319 1090 riosa
349 1047 618 1099 interpretatione
651 1052 735 1085 trahi
767 1051 910 1096 possint,
948 1051 989 1082 ita

234 1121 311 1144 suae
350 1108 580 1143 declarationis
621 1106 755 1139 oraculo
794 1105 966 1148 explanare
981 1131 988 1143 ‚

234 1163 322 1208 quod
343 1163 429 1196 circa
454 1173 491 1196 ea
510 1162 599 1194 nulla
626 1160 839 1203 imposterum
865 1157 991 1190 dubita-

237 1217 280 1251 tio
306 1217 442 1250 oriatur.

281 1271 296 1314 ἓ
320 1270 352 1303 ¹1.
380 1267 574 1312 Accepimus
601 1266 761 1311 siquidem
783 1264 886 1308 (piod,
907 1268 993 1306 post-

66 1340 106 1361 νη
120 1339 222 1359 anastu-
238 1335 336 1369 quam
357 1334 429 1363 nos,
454 1332 512 1366 per
533 1322 611 1354 alias
631 1325 770 1359 nostras,
802 1318 861 1351 sul)
882 1317 991 1349 datum

40 1369 387 1428 'v‘e'raflri‘iesesiiissvidelicet
406 1382 493 1410 sexto
513 1374 667 1408 kalendas
688 1372 862 1411 februarii,
886 1370 993 1415 ponti-

41 1438 131 1486 ξὲἓῗῑιῖθ
150 1432 227 1484 νξξζξθ
240 1431 355 1464 ficatus
375 1430 476 1463 nostri
502 1439 587 1462 anno
608 1437 643 1467 11,
674 1425 838 1470 expeditas
858 1425 992 1463 litteras,

41 1502 80 1524 per
114 1526 118 1530 .
145 1495 226 1515 crimen
241 1484 351 1518 omnia
371 1488 402 1517 et
428 1483 555 1526 singula
579 1480 739 1514 beneficia
764 1477 994 1513 ecelesiastica,

42 1527 229 1585 ῗῗᾷζῗξῗςῃῆἶ-
242 1548 318 1571 cum
351 1547 431 1570 cura
464 1541 495 1569 et
528 1535 596 1568 sine
631 1544 726 1573 cura,
761 1530 942 1565 saecularia
967 1536 994 1562 et

44 1587 230 1640 ssssffifficfflfg'jg‘r‘}
242 1590 432 1635 quorumvis
462 1589 639 1628 Ordinum,
671 1587 767 1621 etiam
798 1586 829 1619 S.
868 1584 998 1618 loannis

44 1653 139 1672 nvem.
242 1643 526 1689 Hierosolymitani
552 1647 583 1675 et
603 1641 740 1675 aliarum
761 1648 997 1684 quarumcum-

242 1709 307 1743 que
333 1696 537 1736 militiarum,
568 1694 744 1739 regularia,
772 1702 1000 1737 quaecumque

244 1763 281 1785 ac
301 1751 555 1795 qualiacumque
575 1749 711 1787 suerint,
735 1747 858 1780 etiamsi
886 1756 1000 1778 saecu-

244 1805 326 1839 laria
346 1804 556 1839 canonicatus
576 1809 606 1836 et
627 1801 844 1846 praebendae,
867 1799 1002 1843 dignita-

246 1865 305 1901 tes,
327 1857 626 1892 administrationes
643 1857 694 1889 vel
715 1855 820 1888 officia
842 1855 873 1887 in
896 1854 1003 1886 cattie-

247 1913 392 1946 dralibus
412 1917 441 1945 et
462 1909 719 1954 metropolitanis
745 1910 793 1941 vel
826 1907 1004 1949 collegiatis

248 1966 406 2007 ecclesiis,
428 1964 618 1998 huiusmodi
640 1963 854 2007 principalesf,
877 1961 1004 2003 regula-

248 2021 297 2055 ria
314 2031 390 2053 vero
406 2018 565 2052 beneficia
578 2016 779 2055 huiusmodi,
799 2015 1005 2051 monasteria,

250 2075 346 2108 etiam
371 2072 619 2119 consistorialia,
642 2072 816 2115 prioratus,
844 2069 1008 2114 praeposi-

250 2134 359 2169 turae,
395 2127 648 2172 praepositatus,
685 2125 876 2168 dignitates,
911 2123 1007 2156 etiam

251 2182 491 2221 conventuales,
518 2186 723 2225 personatus,
755 2176 1008 2211 administratio-

252 2235 378 2268 nesvel
399 2234 516 2275 officia,
539 2234 636 2267 etiam
658 2232 855 2271 claustralia,
878 2242 915 2264 ac
935 2231 1010 2263 hos-

253 2287 364 2332 pitalia
383 2293 413 2320 et
433 2287 676 2332 praeceptoriae
702 2291 732 2319 et
752 2285 830 2318 alias
843 2311 850 2324 ,
872 2294 1010 2327 quomo-

254 2342 438 2384 documque
459 2341 644 2384 qualismata
667 2340 789 2379 forent,
822 2336 1010 2381 praesertim

255 2394 400 2428 vacantia
430 2399 507 2427 tunc
536 2399 568 2426 et
598 2393 630 2425 in
659 2393 806 2425 futurum
837 2396 1009 2430 vacatura,

257 2447 454 2482 ordinationi
474 2452 504 2480 et
520 2444 722 2489 dispositioni
743 2443 940 2488 apostolicae
962 2454 1012 2476 re-

257 2510 509 2541 servaveramus.

303 2555 318 2598 ἓ
342 2554 373 2586 ⁶2.
401 2553 582 2586 Nonnullae
614 2561 792 2595 personae,
817 2549 1014 2583 ordinariam

87 2620 187 2642 nonnum
212 2622 246 2640 ta·
260 2607 447 2642 conserendi
489 2605 716 2639 auctoritatem
751 2614 808 2637 seu
842 2604 937 2636 aliam
977 2602 1015 2635 de

65 2656 120 2676 men,
140 2653 246 2677 proetextu
389 2660 407 2666 ..
551 2659 556 2664 .
612 2658 617 2663 .
644 2658 648 2663 .
707 2657 712 2662 .
870 2656 875 2662 ,
947 2656 952 2661 ,

64 2682 183 2703 consumas
212 2687 247 2703 or·
260 2661 426 2696 beneficus
442 2659 668 2693 ecclesiasticis
683 2657 877 2702 disponendi
891 2657 929 2689 de
946 2666 1016 2689 iure

299 2730 308 2755 t
329 2728 368 2755 ΒΧ
385 2728 491 2762 Regest.
509 2727 535 2753 iu
550 2726 651 2753 Secret.
670 2725 744 2752 Brev.

1042 1719 1169 1748 llOSll'ssss

1029 909 1224 947 ‹·lesiasticis,
1265 908 1458 951 generaliter
1492 907 1540 940 vel
1579 906 1780 951 specialiter,

1030 963 1339 1007 quoinodociunque
1361 960 1562 1005 dispositioni
1588 960 1783 1004 apostolicae

1031 1017 1199 1050 reservatis
1220 1027 1275 1049 seu
1297 1015 1401 1049 eidem
1423 1013 1627 1058 dispositioni
1648 1023 1783 1057 quomo-

1032 1070 1149 1104 dolibet
1185 1069 1320 1107 affectis⁷
1351 1069 1389 1101 ad
1420 1068 1610 1111 quorumvis
1639 1066 1784 1100 collatio-

1032 1135 1119 1163 nem,
1142 1123 1371 1167 provisionem,
1393 1120 1697 1165 praesentationem,
1720 1120 1786 1153 ele-

1034 1178 1174 1211 ctionem
1209 1181 1264 1209 aut
1295 1175 1441 1220 quamvis
1471 1174 1565 1207 aliam
1602 1173 1787 1217 dispositio-

1034 1242 1121 1270 nem,
1144 1230 1363 1263 communiter
1382 1230 1430 1261 vel
1451 1228 1592 1268 divisim,
1615 1226 1788 1271 spectanti-

1034 1286 1106 1325 bus,
1134 1284 1236 1317 libere
1256 1290 1287 1317 et
1310 1283 1397 1316 licite
1419 1282 1625 1326 disponendi,
1655 1291 1712 1324 per
1732 1290 1791 1313 nos

1036 1346 1063 1371 et
1082 1339 1197 1372 Sedem
1218 1336 1438 1380 Apostolicam
1456 1344 1701 1371 concessorum,
1718 1344 1794 1366 con-

1037 1394 1241 1425 firi‘natorum
1274 1397 1304 1423 et
1334 1391 1440 1423 forsan
1467 1386 1596 1433 saepius
1630 1387 1794 1420 innovato-

1038 1457 1124 1485 rum,
1146 1444 1305 1478 benesscia
1342 1454 1400 1487 per
1424 1443 1549 1476 crimen
1568 1441 1729 1481 haeresis,
1760 1446 1796 1474 ut

1039 1500 1233 1545 praefertur,
1262 1498 1418 1538 vacantia,
1448 1502 1565 1530 nostrae
1586 1500 1616 1529 et
1641 1494 1796 1539 apostoli-

1040 1564 1095 1586 cae
1134 1551 1336 1596 dispositioni
1375 1551 1540 1583 ‹jlumtaxat
1581 1559 1640 1593 per
1677 1548 1796 1581 dictam

1041 1606 1305 1639 constitutionem
1340 1609 1520 1644 reservata,
1561 1603 1657 1636 etiam
1690 1602 1798 1645 vigore

1042 1660 1231 1693 facultatum
1271 1663 1301 1691 et
1333 1657 1535 1690 indultorum
1579 1660 1652 1689 ante
1696 1655 1799 1691 dictae

1223 1711 1460 1746 constitutionis
1507 1710 1681 1743 editionem
1698 1736 1705 1749 ,
1759 1708 1799 1741 ad

1044 1778 1141 1812 quam
1181 1766 1364 1799 facultatem
1407 1770 1438 1798 et
1471 1764 1596 1797 indulta
1636 1761 1799 1806 praedicta

1045 1821 1178 1854 minime
1191 1819 1353 1864 respicere
1373 1823 1534 1862 poterant,
1557 1816 1704 1849 conferre
1726 1826 1800 1859 pos-

1046 1887 1091 1915 se,
1114 1876 1152 1907 de
1174 1873 1340 1908 beneficiis
1360 1883 1418 1917 per
1439 1872 1560 1905 dictum
1581 1870 1726 1903 haeresis
1743 1869 1801 1901 cri-

1047 1939 1120 1962 meu
1145 1927 1332 1961 vacantibus
1365 1925 1580 1970 disposuisse,
1612 1935 1665 1964 ac,
1691 1929 1803 1957 contra

1048 1988 1187 2016 mentem
1211 1987 1238 2014 et
1261 1980 1473 2013 intentionem
1495 1984 1651 2018 nostram,
1678 1977 1717 2010 de
1744 1977 1804 2010 cis-

1048 2037 1121 2070 dem
1139 2036 1312 2080 disponere
1332 2040 1454 2068 temere
1474 2038 1664 2070 attentasse,
1692 2036 1722 2064 et
1746 2030 1803 2063 ad—

1049 2101 1159 2124 versus
1180 2090 1301 2122 litteras
1321 2093 1446 2121 nostras
1467 2086 1648 2130 praedictas
1673 2084 1735 2117 alia
1755 2084 1802 2117 fe-

1051 2144 1130 2177 cisse
1152 2154 1208 2176 seu
1230 2143 1334 2176 facere
1356 2152 1421 2175 non
1442 2139 1624 2179 erubuisse,
1656 2138 1688 2170 in
1711 2147 1805 2180 grave

1052 2197 1232 2231 collationis
1271 2195 1466 2241 apostolicae
1509 2193 1738 2226 detrimentum
1778 2195 1807 2223 et

1052 2257 1181 2284 nostrae
1217 2249 1417 2283 auctoritatis
1450 2252 1609 2292 spretum,
1645 2244 1807 2289 plurimo-

1054 2316 1192 2348 rumque
1220 2305 1342 2337 malum
1364 2302 1561 2345 exemplum.

1098 2358 1164 2402 §3
1192 2358 1255 2391 Nos
1275 2357 1386 2400 igitur,
1414 2352 1599 2399 praemissis
1632 2361 1808 2386 occurrere

1055 2413 1208 2452 volentes,
1231 2417 1261 2445 et
1277 2407 1514 2443 constitutionis
1533 2411 1661 2440 nostrae
1681 2404 1810 2450 praedi-

1056 2472 1124 2499 ctae
1146 2472 1291 2499 tenorem
1319 2461 1543 2506 praesentibus
1572 2470 1631 2504 pro
1659 2468 1811 2502 expresso

1056 2515 1228 2553 habentes,
1266 2519 1355 2545 motu
1381 2510 1514 2555 proprio
1536 2514 1565 2542 et
1586 2519 1623 2541 ex
1644 2511 1732 2541 certa
1751 2517 1811 2539 no-

1057 2569 1122 2597 stra
1142 2562 1286 2603 scientia,
1305 2572 1341 2594 ac
1363 2561 1402 2593 de
1429 2558 1625 2604 apostolicae
1645 2556 1811 2602 potestatis

1057 2612 1272 2657 plenitudine,
1306 2610 1433 2642 nullum
1455 2608 1588 2642 omnino
1609 2606 1811 2641 ordinarium

1059 2663 1248 2695 collatorem
1262 2687 1269 2700 ,
1297 2659 1393 2692 etiam
1419 2663 1546 2692 sanctae
1567 2658 1732 2691 Romanae
1751 2655 1811 2688 Ec-

1059 2710 1175 2744 clesiae
1195 2709 1406 2748 cardinalem,
1436 2711 1604 2752 praetextu
1623 2702 1811 2749 quarumvis

1887 2363 2000 2384 nutu-mod

1825 2396 1952 2417 collationes
1967 2396 2011 2415 nul-

1826 2429 1856 2448 las
1868 2433 1916 2448 esse
1927 2431 1947 2447 et
1965 2427 2009 2449 tore

1827 2459 1929 2484 deviarat,
