2237 3100
257 230 307 259 An.
325 232 355 260 C.
372 232 439 261 ⁴565

313 562 438 582 ,tt-masmim

255 599 380 620 quaecumq.
405 597 438 614 te-

256 628 333 645 nentur
349 625 372 644 ad
389 630 438 646 cou-

255 657 380 676 tributiones
398 662 438 674 50-

254 688 334 707 vendas

257 721 276 738 et
292 717 390 745 capitulo.

368 687 436 706 abbati

284 1415 393 1436 clausulae
406 1416 440 1436 hu-

256 1448 289 1468 ius
305 1448 441 1468 constitutio·

258 1480 290 1499 uis
313 1484 440 1504 praeserva-

257 1511 320 1535 tine.

498 224 563 259 264

452 292 500 320 tre
521 288 688 332 superiore
705 295 884 333 praesente,
902 291 956 334 qui
983 291 1045 324 illis
1065 293 1207 325 habitum

452 341 610 382 exhibeat,
639 348 669 375 et
688 343 727 375 ab
743 343 787 376 eis
807 344 866 377 tria
882 345 1101 378 substantialia
1121 351 1207 385 vota,

453 405 579 428 necnon
600 395 781 429 iuramenta
797 397 983 430 observandi
1000 403 1114 431 statuta
1132 399 1208 432 dicti

454 447 593 490 Ordinis,
617 460 652 482 ac
669 451 847 483 secundum
868 462 904 483 ca
919 451 1042 484 vivendi
1063 452 1206 497 recipiat.

499 502 514 545 ξ
535 502 587 535 16.
611 502 766 545 Quodque
783 504 890 536 onmia
902 509 931 536 ct
952 504 1076 548 singula
1097 516 1209 539 mona-

456 555 551 587 steria
585 555 712 588 Ordinis
731 556 941 596 huiusmodi,
974 563 1037 590 tam
1066 558 1209 592 virorum

453 619 550 651 quam
586 608 774 649 mulierum,
798 609 995 654 ubicumque
1023 611 1206 649 existentia,

454 671 508 693 seu
530 671 642 693 eorum
657 662 787 695 abbates
802 663 850 695 vel
866 663 1001 707 priores,
1014 664 1108 697 etiam
1119 676 1208 698 cont-

452 714 651 752 mcndatarii,
677 716 920 760 abbatissaeque
939 718 986 750 vel
1015 718 1186 762 priorissae
1200 747 1207 760 ,

452 768 483 800 in
512 768 639 810 signum
668 769 868 804 obedientiae
897 776 927 804 et
947 772 1182 816 superioritatis
1200 802 1207 814 ,

455 821 547 855 solita
567 822 698 865 regalia,
717 824 863 857 videlicet
885 825 1140 859 contributiones
1159 838 1210 860 so-

456 876 536 913 litas,
560 876 655 909 etiam
685 877 791 910 abbati
813 879 997 911 monasterii
1018 879 1160 913 Cistercii
1182 886 1209 914 et

453 929 595 973 capitulo
615 931 757 973 generali
782 932 952 976 praefatis,
975 933 1125 967 omnibus
1158 946 1210 967 ex-

453 983 613 1027 ceptione,
632 984 845 1025 recusatione,
864 987 1118 1031 praescriptione
1140 994 1167 1021 et
1181 1000 1211 1021 a-

453 1037 495 1069 lia
524 1038 730 1071 excusatione
760 1039 887 1082 penitus
912 1042 1131 1081 cessantibus,
1154 1053 1211 1075 an-

453 1091 578 1124 nuatim
608 1092 730 1125 solvere
755 1098 937 1133 teneantur,
961 1100 989 1127 et
1011 1095 1049 1127 ad
1070 1096 1100 1128 id
1122 1108 1211 1129 com-

454 1144 530 1188 pelli
551 1146 686 1189 possint,
706 1146 765 1179 sub
782 1148 1211 1183 excommunicationislatae

454 1198 630 1232 sententiae
651 1210 766 1243 poena,
792 1200 912 1234 eisdem
933 1202 1076 1243 scientia,
1100 1209 1211 1238 aucto-

454 1251 546 1284 ritate
563 1257 594 1285 et
612 1258 739 1294 tenore,
758 1259 916 1297 perpetuo
932 1255 1102 1289 statuimus
1122 1262 1151 1290 et
1163 1268 1213 1290 or-

456 1305 617 1338 dinamus.

499 1359 514 1402 §
532 1358 585 1392 117.
608 1359 653 1392 Ac
672 1358 897 1393 limitationem
911 1389 919 1402 ‚
942 1362 1209 1406 moderationem,

455 1412 691 1454 inhibitionem,
708 1420 931 1458 praeceptum,
943 1416 1141 1458 mandatum,
1155 1429 1212 1463 ap-

455 1466 692 1511 probationem,
723 1467 1029 1510 confirmationem,
1059 1471 1212 1505 adiectio-

456 1530 541 1561 nem,
562 1521 819 1565 suppletionem,
843 1523 1099 1566 concessionem,
1122 1525 1213 1559 inno-

455 1573 626 1615 vationem,
647 1579 764 1608 statuta
784 1580 815 1608 et
835 1576 1066 1619 ordinationes,
1088 1578 1213 1623 aliaque

456 1627 631 1672 praemissa
659 1639 695 1662 ac
721 1635 906 1673 praesentes
930 1630 1038 1665 literas
1069 1632 1107 1665 de
1141 1634 1214 1667 sub-

457 1682 612 1726 reptionis
640 1683 690 1716 vel
728 1683 927 1727 obreptionis
966 1691 1021 1718 aut
1058 1686 1215 1721 nullitatis

456 1736 530 1769 vitio
546 1747 601 1770 seu
623 1736 810 1770 intentionis
828 1744 957 1771 nostrae
981 1739 1118 1781 defectu,
1135 1752 1215 1784 quo-

458 1790 503 1823 vis
523 1796 691 1835 praetextu
725 1791 909 1834 quaesitove
931 1793 1040 1826 colore
1059 1822 1066 1830 ,
1089 1801 1143 1827 aut
1165 1795 1213 1828 in-

457 1843 562 1887 genio,
582 1844 768 1878 nullatenus
787 1845 902 1886 notari,
923 1847 1014 1889 argui
1042 1849 1090 1880 vel
1111 1848 1215 1892 impu-

458 1898 549 1942 gnari
569 1909 663 1943 posse
681 1910 688 1939 ;
710 1899 939 1943 neminemque
960 1900 1025 1941 illa,
1047 1903 1157 1945 quavis
1177 1904 1215 1936 de

459 1963 568 1993 causa,
590 1952 684 1986 etiam
706 1953 891 1993 iustissima,
912 1953 1169 1998 impugnantem,
1184 1957 1215 1989 in

458 2006 578 2039 iudicio
604 2007 652 2039 vel
681 2011 767 2040 extra
802 2007 998 2040 audiendum
1034 2019 1122 2049 esse,
1157 2021 1215 2043 nec

459 2060 513 2092 illa
547 2060 607 2093 sub
627 2060 792 2104 quibusvis
816 2060 970 2094 similium
999 2062 1046 2094 vel
1077 2063 1215 2096 dissimi-

460 2113 539 2146 lium
575 2113 822 2147 concessionum
855 2114 1098 2159 gratiarumque
1126 2127 1216 2149 revo-

459 2167 653 2208 cationibus,
688 2168 955 2212 suspensionibus
973 2196 980 2205 ‚
1003 2170 1216 2204 modificatio-

460 2221 555 2255 nibus
569 2248 579 2261 ,
603 2221 848 2255 limitationibus
867 2223 916 2255 vel
941 2222 1215 2266 derogationibus,

459 2275 554 2308 etiam
575 2287 633 2320 per
665 2287 724 2310 nos
743 2282 775 2309 et
807 2287 1009 2310 successores
1029 2283 1155 2311 nostros
1181 2290 1217 2312 ac

460 2329 573 2364 Sedem
608 2330 806 2375 praedictam
822 2358 829 2372 ,
865 2331 1189 2375 etiamimperatoris
1207 2360 1214 2373 ,

460 2394 596 2426 regum,
623 2384 807 2427 reginarum
824 2412 832 2424 ,
868 2385 987 2418 ducum
1014 2390 1042 2418 et
1077 2386 1216 2419 aliorum

461 2433 647 2476 principum
668 2434 786 2467 intuitu
807 2440 838 2468 et
858 2435 1142 2479 contemplatione,
1163 2442 1216 2469 aut

462 2482 494 2514 in
515 2492 629 2514 eorum
668 2483 715 2515 vel
746 2484 841 2516 etiam
862 2483 894 2516 in
919 2483 1040 2516 nullius
1067 2484 1216 2524 savorem,

463 2531 521 2564 sub
546 2531 808 2575 quibuscumque
839 2532 1005 2565 tenoribus
1034 2539 1062 2565 et
1085 2533 1215 2575 formis,

463 2591 500 2613 ac
521 2590 595 2613 cum
612 2580 778 2624 quibusvis
803 2581 966 2622 clausulis,
988 2593 1023 2614 ac
1044 2582 1138 2614 etiam
1156 2582 1216 2615 vim

464 2634 648 2664 contractus
677 2636 731 2663 aut
763 2630 842 2674 legis
875 2641 931 2664 seu
965 2631 1071 2665 statuti
1105 2642 1218 2676 perpe-

1050 241 1229 265 BI'LLARIUM
1254 240 1405 265 ROMANUM

1249 293 1296 325 tui
1317 290 1545 325 inducentibus
1564 290 1714 331 decretis,
1729 296 1757 324 et
1770 289 1847 324 alias
1867 301 2003 335 quomo-

1250 345 1369 379 dolibet
1390 344 1550 377 concessis
1572 349 1602 377 et
1618 344 1849 385 concedendis,
1878 355 1915 377 ac
1934 344 2005 389 qui-

1250 398 1356 431 busvis
1376 397 1660 431 constitutionibus
1686 402 1715 430 et
1749 398 2005 431 ordinationibus

1251 451 1434 496 apostolicis
1467 451 1607 494 desuper
1639 451 1879 494 quomodolibet
1914 451 2006 485 editis

1251 511 1279 538 et
1292 504 1888 549 edendisaliquatenuscomprehendi,
1899 515 2010 549 neque⁴

1251 559 1313 591 illis
1333 559 1400 591 ullo
1421 563 1746 602 umquamtempore,
1769 557 1864 591 etiam
1884 569 1943 602 per
1953 558 2006 592 Se-

1251 613 1322 645 dcm
1342 611 1543 656 praedictam
1564 611 1713 654 derogari
1733 622 1825 655 posse
1838 638 1846 652 ‚
1869 621 1929 645 nec
1949 611 2005 644 de-

1251 671 1399 709 rogatum
1420 664 1544 698 censeri
1562 692 1570 705 ,
1606 664 1667 698 nisi
1699 665 1738 698 de
1758 670 1823 698 toto
1843 670 1956 698 tenore
1975 670 2006 698 et

1251 720 1322 752 data
1335 718 1552 763 praesentium
1574 729 1722 761 expressa
1742 718 1863 751 mentio
1883 718 2003 760 habita,

1252 779 1282 806 et
1302 772 1483 815 derogatio,
1504 772 1685 816 suspensio,
1716 772 1883 813 limitatio,
1914 783 2005 806 revo-

1252 826 1335 859 catio
1361 826 1488 870 aliaque
1509 825 1685 869 praedicta,
1707 826 1745 858 de
1765 825 1907 859 Cistercii
1925 825 2006 860 alio-

1252 891 1390 923 rumque
1425 885 1565 924 quatuor
1599 879 1780 923 primorum
1800 885 2006 923 nuncupato-

1252 945 1324 967 rum
1337 934 1489 967 abbatum
1506 933 1744 977 praedictorum
1762 944 1912 977 expresso
1929 945 2007 967 con-

1252 999 1360 1026 sensu,
1383 988 1464 1020 sacta
1481 987 1612 1028 fuerint,
1626 993 1656 1021 et
1676 987 1700 1020 si
1722 987 1814 1020 aliter
1833 987 1981 1032 derogari
1997 1006 2010 1030 ,⁷

1253 1040 1417 1081 revocari,
1439 1040 1618 1084 suspendi,
1645 1040 1788 1081 limitari,
1811 1040 1929 1084 corrigi
1953 1046 2009 1074 aut

1253 1094 1419 1129 emendari
1441 1094 1608 1137 contigerit
1627 1121 1635 1135 ,
1665 1094 1853 1127 huiusmodi
1873 1094 2008 1139 deroga-

1252 1149 1385 1190 tionem,
1408 1149 1656 1189 revocationem,
1676 1148 1921 1192 suspensionem
1939 1176 1947 1190 ,
1967 1149 2010 1182 ti-

1253 1202 1467 1241 mitationem,
1504 1202 1739 1235 correctionem
1761 1206 1791 1234 et
1810 1201 2008 1242 emendatior

1253 1254 1326 1289 ne'm
1361 1254 1484 1288 nullius
1511 1265 1579 1288 esse
1600 1254 1728 1287 roboris
1756 1254 1805 1287 vel
1829 1254 2007 1296 momenti,

1254 1316 1283 1343 et
1303 1309 1429 1353 quoties
1448 1309 1522 1342 illae
1542 1309 1590 1342 vel
1606 1308 1661 1341 illa
1685 1307 1896 1350 manabunt,
1914 1308 2008 1342 toties

1253 1364 1285 1396 in
1306 1363 1478 1408 pristinum
1513 1369 1545 1396 et
1571 1362 1803 1396 validissimum
1824 1366 1941 1395 statum
1959 1373 2010 1396 re-

1253 1417 1362 1450 stituta
1382 1423 1410 1449 et
1432 1416 1471 1450 de
1491 1427 1586 1458 novo,
1604 1416 1699 1449 etiam
1724 1415 1783 1449 sub
1803 1426 2010 1461 quacumque

1254 1470 1338 1510 data,
1360 1481 1419 1514 per
1446 1470 1553 1514 ipsum
1573 1469 1722 1503 abbatem
1749 1469 1935 1503 monasterii
1962 1468 2011 1503 ci-

1255 1523 1360 1557 stercii
1381 1534 1440 1568 pro
1460 1530 1607 1568 tempore
1632 1524 1819 1557 existentem
1848 1523 2007 1568 eligenda,

1254 1588 1406 1612 concessa
1426 1588 1493 1611 esse
1510 1582 1541 1611 et
1561 1577 1697 1611 censeri.

1298 1631 1387 1675 §ta
1409 1632 1447 1665 Et
1479 1633 1522 1665 ita
1548 1643 1607 1676 per
1633 1642 1858 1676 quoscumque
1887 1632 2011 1667 iudices

1255 1691 1285 1719 et
1305 1686 1554 1727 commissarios,
1584 1686 1694 1730 quavis
1713 1686 1904 1720 auctoritate
1935 1687 2010 1720 sun-

1255 1746 1376 1783 gentes,
1399 1740 1494 1773 etiam
1516 1740 1547 1774 S.
1566 1740 1602 1773 R.
1621 1740 1656 1774 E.
1672 1740 1851 1774 cardinales
1871 1751 1908 1774 ac
1936 1751 2011 1774 cau-

1256 1805 1363 1827 sarum
1383 1794 1495 1827 Palatii
1516 1794 1691 1839 Apostolici
1711 1794 1875 1828 auditores
1893 1821 1900 1835 ,
1931 1795 2008 1828 sub-

1256 1849 1319 1881 lata
1339 1848 1384 1881 eis
1417 1854 1448 1882 et
1481 1859 1593 1882 eorum
1627 1848 1760 1882 cuilibet
1788 1848 1899 1893 quavis
1917 1848 2010 1882 aliter

1256 1901 1419 1935 iudicandi
1453 1907 1484 1936 et
1509 1902 1744 1946 interpretandi
1764 1902 1953 1936 auctoritate
1980 1907 2012 1937 et

1256 1955 1418 1993 facultate,
1442 1956 1589 1997 iudicari,
1610 1956 1737 1989 definiri
1751 1956 1787 1990 ‘et
1805 1956 2011 2000 interpretari

1257 2010 1386 2050 debere3
1400 2015 1429 2043 et
1442 2009 1594 2054 quicquid
1608 2021 1700 2043 secus
1716 2020 1734 2042 a
1748 2020 1924 2054 quoquam,
1935 2021 2012 2055 qua—

1257 2063 1301 2096 vis
1317 2063 1516 2103 auctoritate,
1528 2063 1667 2097 scienter
1679 2064 1727 2097 vel
1738 2063 1927 2107 ignoranter
1935 2074 2011 2097 con-

1257 2117 1364 2159 tigerit
1383 2117 1530 2151 attentari
1549 2144 1556 2158 ,
1578 2117 1705 2151 irritum
1734 2122 1765 2151 et
1783 2117 1879 2151 inane
1898 2117 2013 2158 decer-2

1258 2171 1375 2204 nimus.

1301 2224 1390 2268 §ta
1412 2225 1481 2257 Non
1508 2225 1708 2258 obstantibus
1737 2224 1938 2269 praemissis,
1973 2235 2011 2259 ac

1257 2284 1366 2312 nostra
1386 2279 1424 2312 de
1449 2289 1514 2312 non
1533 2279 1676 2312 tollendo
1696 2279 1746 2312 ius
1778 2279 1960 2323 quaesitum
1980 2285 2011 2312 et

1258 2332 1329 2365 aliis
1344 2332 1509 2376 quibusvis
1523 2332 1720 2377 apostolicis,
1741 2343 1869 2366 necnon
1884 2332 1917 2365 in
1938 2344 2011 2376 pro-

1257 2386 1446 2419 vincialibus
1467 2391 1495 2419 et
1517 2386 1722 2430 synodalibus
1741 2385 1886 2419 conciliis
1903 2386 2008 2428 editis,

1257 2435 1461 2478 generalibus
1480 2436 1528 2468 vel
1549 2435 1757 2479 specialibus,
1779 2434 2011 2469 constitutioni-

1258 2484 1318 2516 bus
1343 2490 1374 2517 et
1397 2484 1672 2525 ordinationibus,
1694 2495 1732 2517 ac
1751 2483 1961 2528 quibuslibet,
1975 2496 2009 2518 e-

1258 2533 1333 2565 tiam
1355 2533 1548 2573 iuramento,
1570 2533 1814 2567 confirmatione
1833 2534 2010 2577 apostolica

1258 2583 1305 2615 vel
1325 2583 1436 2626 quavis
1454 2583 1603 2616 firmitate
1622 2582 1683 2615 alia
1693 2582 1862 2622 roboratis,
1885 2584 2010 2617 statutis

1259 2636 1289 2664 et
1308 2632 1607 2674 consuetudinibus,
1625 2631 1896 2665 declarationibus
1910 2637 1941 2667 et
1956 2633 2009 2668 de-

2017 237 2068 265 Αιι.
2085 236 2113 264 C.
2130 237 2198 266 15⁶5

2051 1642 2161 1664 Decretum
2179 1643 2208 1664 ir-

2023 1675 2099 1696 rums.

2051 2234 2161 2257 clausulae
2176 2236 2211 2258 do—

2023 2268 2153 2294 rogator-iae.
