2237 3100
251 293 304 320 An.
321 293 351 320 C.
370 292 437 320 1562

253 355 319 380 riique
363 359 437 373 evem—

252 386 308 411 plum
326 385 408 411 probet.

264 1128 313 1149 Con·
323 1129 378 1149 ilium
391 1128 435 1149 Tri-

253 1161 359 1180 tlt-utinum
403 1161 435 1180 in-

252 1192 328 1211 dictum
359 1191 395 1211 [uit
424 1197 435 1211 a

252 1221 315 1241 Paulo
332 1221 367 1241 ΙΙΙ.

495 281 560 317 244

452 345 612 383 sufficere,
627 342 738 376 eteius
758 341 915 384 exempla,
938 349 1036 371 manu
1056 337 1154 370 unius
1170 347 1207 369 ex

1051 282 1231 308 BULLARIUM
1250 279 1402 305 ROMANUM

1293 335 1307 377 g
1327 334 1358 366 ’1.
1382 333 1444 366 Nos
1464 337 1583 372 autem,
1605 336 1677 376 post
1696 336 1882 375 susceptum
1912 329 2001 363 Sedis

2015 272 2064 299 An.
2081 272 2110 300 C.
2131 271 2198 300 ¹565

2055 335 2092 357 Hic
2129 339 2198 357 autem

2015 367 2112 388 Pontifex
2148 367 2198 388 illud

452 398 587 431 notariis
602 397 754 430 Gamerae
766 394 948 439 praedictae
961 391 1153 434 subscripta,
1171 401 1207 422 u-
1248 386 1451 431 Apostolicae
1485 386 1629 428 regimen
1642 411 1649 425 ,
1683 390 1747 418 tam
1781 394 1999 418 necessarlum
2015 399 2114 425 prosequi
2130 399 2197 423 iussit,

452 453 562 495 bique,
583 451 614 483 in
631 450 751 483 iudicio
768 452 902 486 etextra‚
920 445 1015 478 fidem
1033 445 1149 483 facere,
1172 443 1205 475 in

452 506 607 548 librisque
627 504 778 537 Gamerae
795 501 955 545 praefatae
976 498 1138 532 consuetis
1158 507 1206 529 re-

451 559 577 602 gistrari
597 558 747 590 volumus
768 560 795 588 et
814 554 1016 587 mandamus.

606 611 724 649 Placet,
748 614 837 641 motu
857 607 1001 651 proprio.
1024 605 1048 638 I.

769 754 886 789 LXXX.

453 833 667 877 Confirmatio
681 831 776 865 Sacri
795 835 824 864 et
845 828 1046 863 OEcumem'cz'
1067 827 1206 861 Concae'lz'e'

497 887 683 921 Tridentini
702 885 729 918 ’1.

533 959 595 988 Pius
615 958 755 993 episcopus
775 963 871 985 servus
890 962 1031 984 servorum
1049 953 1112 986 Dei.

586 1008 620 1036 ad
650 1008 813 1043 perpetuam
832 1006 874 1035 rei
900 1005 1068 1033 memoriam.

495 1071 686 1104 Benedictus
718 1070 803 1103 Deus
823 1074 854 1102 et
881 1069 974 1101 Pater
997 1067 1123 1100 Domini
1149 1077 1204 1099 no-

451 1125 506 1158 stri
518 1125 588 1158 lesu
604 1124 732 1162 Christi,
753 1123 846 1156 Pater
861 1121 1159 1155 misericordiarum
1175 1126 1204 1153 et

450 1179 533 1212 Deus
553 1179 651 1211 totius
685 1176 925 1216 consolationis,
961 1175 1017 1219 qui
1043 1175 1203 1218 respicere

449 1232 599 1275 dignatus
607 1231 783 1264 Ecclesiam
795 1240 886 1263 suain
902 1234 1056 1269 sanctam,
1071 1233 1115 1261 tot
1131 1238 1205 1271 pro-

450 1286 539 1319 cellis
568 1290 598 1319 et
631 1284 875 1329 tempestatibus
915 1283 1065 1325 agitatam
1108 1287 1203 1325 atque

449 1345 604 1379 vexatam,
641 1344 671 1372 et
690 1338 817 1382 gravius
837 1337 870 1370 in
890 1336 958 1369 dies
980 1336 1179 1368 laborantem
1194 1360 1201 1374 ,

449 1399 523 1437 apto
549 1393 677 1426 tandem
699 1392 727 1425 ei
762 1391 909 1424 subvenit
943 1394 1118 1434 optatoque
1156 1399 1205 1420 re-

450 1447 568 1480 medio.
592 1446 638 1479 Ad
673 1446 831 1490 plurimas
864 1449 894 1477 et
914 1442 1204 1488 perniciosissimas

450 1501 599 1533 haereses
619 1499 833 1543 extirpandas,
854 1497 893 1530 ad
906 1496 1114 1539 corrigendos
1134 1505 1203 1528 mo-

449 1564 500 1586 res
520 1559 551 1586 et
569 1552 800 1586 restituendam
836 1550 1087 1584 ecclesiasticam
1108 1548 1203 1581 disci-

450 1606 583 1650 plinam,
619 1606 657 1638 ad
685 1616 796 1649 pacem
830 1610 860 1637 et
885 1603 1092 1636 concordiam
1121 1601 1205 1635 chri-

449 1660 542 1692 stiani
565 1660 677 1704 populi
689 1659 941 1703 procurandam,
960 1656 1205 1690 indictumiam-

449 1713 574 1756 pridem
604 1713 636 1745 in
671 1712 795 1745 civitate
832 1710 1018 1744 Tridentina
1052 1718 1204 1742 oecume-

448 1766 559 1798 nicum
581 1771 610 1798 et
628 1766 778 1808 generale
800 1765 975 1798 concilium
996 1774 1014 1796 a
1040 1763 1111 1806 piae
1137 1773 1204 1795 me-

449 1820 572 1852 moriae
588 1819 749 1859 Paulolll,
772 1818 1020 1863 praedecessore
1041 1821 1163 1856 nostro,
1177 1821 1204 1848 ct

449 1873 646 1906 sessionibus
663 1874 787 1917 aliquot
811 1872 939 1911 habitis,
963 1876 1114 1914 coeptum
1136 1870 1205 1902 sue—

451 1932 510 1959 rat.
533 1926 580 1959 Ab
601 1927 670 1959 eius
694 1932 802 1959 autem
837 1935 1023 1958 successore
1057 1924 1138 1956 Iulio
1173 1923 1205 1955 in

449 1979 595 2011 eamdem
617 1979 731 2012 urbem
752 1985 947 2017 revocatum,
960 1982 1030 2021 post
1050 1977 1127 2009 alias
1143 1987 1205 2009 ses-

450 2032 554 2065 siones
575 2032 764 2072 celebratas,
786 2032 881 2065 variis
910 2030 1151 2075 impedimentis
1175 2035 1206 2062 et

448 2086 692 2120 difficultatibus
725 2086 876 2126 obiectis,
911 2095 950 2118 ne
984 2090 1051 2117 tum
1073 2084 1204 2126 quidem

448 2140 557 2183 peragi
579 2145 738 2184 potuerat.
762 2140 871 2183 Itaque
892 2139 1014 2172 diutius
1039 2137 1204 2170 intermis-

449 2204 520 2227 sum
542 2195 657 2235 suerat,
693 2205 757 2227 non
787 2194 854 2227 sine
880 2192 1020 2225 maximo
1055 2201 1203 2224 moerore

449 2247 577 2291 piorum
595 2248 755 2288 omnium,
779 2258 854 2280 cum
870 2246 1014 2290 quotidie
1031 2245 1132 2287 magis
1148 2244 1205 2277 Ec—

450 2301 545 2334 clesia
566 2301 725 2334 eiusmodi
746 2300 928 2334 remedium
949 2299 1148 2343 imploraret.

487 2369 496 2394 1
521 2368 593 2394 Istud
611 2368 751 2395 concilium
772 2368 865 2394 indixit
883 2357 980 2395 Paulus
997 2366 1032 2392 Ill
1050 2366 1075 2391 in
1095 2364 1200 2391 constit.

448 2420 516 2444 xtii,
537 2414 628 2445 Initio,
652 2417 713 2439 tom,
737 2421 775 2441 vi,
789 2421 845 2447 pag.
860 2413 921 2443 557,
939 2415 965 2438 et
981 2414 1041 2446 post
1061 2410 1154 2436 lulium
1168 2409 1203 2435 lll

448 2461 607 2491 prosecutus
626 2462 666 2484 est
686 2459 726 2484 hic
740 2458 859 2484 Pontifex
880 2457 904 2483 in
916 2457 1023 2484 constit.
1042 2461 1132 2486 xxvii,
1162 2455 1202 2480 Ad

447 2501 586 2532 Ecclesiae,
600 2504 662 2527 tom.
678 2509 726 2533 vii,
740 2510 796 2536 pag.
810 2500 852 2527 90.
871 2502 909 2527 Ac
931 2500 1055 2536 praelatis
1073 2499 1093 2525 ei
1116 2499 1201 2525 inter-

447 2545 596 2571 essentibus
623 2546 722 2571 indulta
744 2546 872 2572 concessit
896 2545 920 2571 in
947 2545 1084 2572 constitut.
1107 2552 1200 2576 xxxv,

447 2590 653 2622 circumspecta,
675 2589 750 2621 ibid,
768 2598 825 2625 pag.
847 2590 917 2622 110;
939 2589 1114 2624 ordint-mque
1140 2589 1201 2621 loci,

445 2641 525 2668 quem
545 2633 579 2660 ibi
610 2634 636 2660 in
663 2634 767 2661 actibus
793 2634 905 2668 publicis
934 2634 1043 2669 praelati
1073 2633 1201 2660 haberent

443 2678 619 2706 declaravitin
627 2678 733 2706 constit.
746 2685 847 2712 xxviii,
859 2679 930 2706 Sicut
940 2686 981 2712 ea,
991 2677 1071 2712 thid„
1083 2686 1145 2713 pag.
1155 2678 1198 2706 92.

1248 451 1284 472 ac
1314 440 1453 472 salutare
1474 449 1568 483 opus,
1591 439 1674 471 sicut
1694 438 1863 482 pastoralis
1883 438 2000 472 sollici-

1250 493 1326 526 tudo
1348 492 1518 533 monebat,
1554 492 1678 524 divinae
1699 492 1942 525 misericordiae
1962 492 2000 524 si-

1248 547 1342 580 ducia
1368 546 1524 590 perficere
1544 545 1684 588 aggressi
1702 572 1709 586 ,
1732 546 1833 579 adiuti
1854 547 1908 590 pio
1933 552 2001 580 stu-

1248 601 1300 634 dio
1322 600 1479 633 carissimi
1499 599 1532 632 in
1561 599 1687 632 Christo
1715 599 1773 633 filii
1806 600 1908 633 nostri
1928 600 2002 633 Fer-

1248 654 1379 687 dinandi
1400 654 1620 687 Romanorum
1636 654 1840 698 imperatoris
1852 653 1955 694 electi,
1972 659 2003 687 et

1248 708 1387 740 aliorum
1408 707 1660 740 christianorum
1676 718 1802 750 regum,
1832 717 2003 751 rerumpu-

1248 761 1408 794 blicarum
1441 771 1477 794 ac
1503 760 1701 805 principum,
1735 760 1862 794 tandem
1892 771 2003 794 conse-

1248 815 1314 848 cuti
1336 825 1449 848 sumus
1482 814 1569 857 quod
1603 824 1663 847 nec
1690 813 1816 848 diurnis
1849 825 1909 847 nec
1942 825 2002 848 no—

1248 869 1372 902 cturnis
1392 868 1480 901 curis
1500 868 1667 901 elaborare
1682 867 1874 909 destitimus,
1897 868 2002 912 quod-

1247 933 1309 965 que
1330 934 1348 955 a
1367 923 1459 955 Patre
1479 922 1641 954 luminum
1663 922 1788 955 assidue
1804 922 1925 966 precati
1946 933 2001 956 su-

1248 987 1330 1009 mus.
1354 976 1434 1010 Cum
1455 976 1541 1008 enim
1568 986 1638 1008 eam
1663 976 1697 1008 in
1717 975 1832 1009 urbem
1857 977 2002 1021 undique

1247 1041 1283 1063 ex
1304 1030 1470 1063 christiani
1498 1030 1639 1062 nominis
1667 1030 1853 1064 nationibus
1886 1042 2001 1065 conve-

1247 1084 1356 1124 nisset,
1379 1083 1497 1116 nostris
1517 1088 1691 1116 convocata
1711 1083 1825 1125 literis,
1848 1090 1878 1118 et
1893 1095 1951 1118 sua
1971 1096 2002 1119 e-

1247 1138 1322 1170 tiam
1353 1138 1498 1181 ipsorum
1519 1137 1637 1181 pietate
1662 1138 1808 1179 excitata,
1831 1139 2002 1183 episcopo-

1246 1202 1319 1224 rum
1340 1197 1370 1224 et
1399 1191 1539 1224 aliorum
1572 1191 1748 1234 insignium
1783 1192 2002 1235 praelatorum

1246 1245 1385 1277 maxima
1418 1250 1449 1277 et
1486 1245 1698 1278 oecumenico
1735 1245 1874 1279 concilio
1907 1245 2003 1289 digna

1246 1298 1437 1342 frequentia,
1459 1304 1588 1342 praeter
1607 1298 1767 1342 plurimos
1787 1299 1867 1332 alios
1882 1299 1953 1343 pios
1973 1304 2004 1332 et

1247 1363 1411 1385 sacrarum
1432 1352 1600 1385 literarum
1622 1352 1755 1385 scientia
1783 1352 1946 1396 divinique
1973 1359 2004 1386 et

1246 1406 1380 1439 humani
1392 1406 1472 1439 iuris
1484 1406 1667 1449 cognitione
1687 1411 1885 1450 praestantes
1903 1407 1999 1447 viros,

1247 1460 1504 1503 praesidentibus
1525 1460 1585 1503 ipsi
1615 1460 1734 1504 synodo
1755 1459 1846 1493 Sedis
1869 1460 2002 1503 Aposto-

1246 1513 1327 1546 licae
1348 1513 1470 1556 legatis,
1494 1513 1586 1545 nobis
1610 1513 1690 1546 adeo
1711 1513 1841 1546 concilii
1862 1513 2001 1547 libertati

1247 1567 1437 1606 faventibus,
1460 1572 1495 1600 ut
1514 1567 1610 1600 etiam
1637 1567 1676 1600 de
1709 1567 1807 1600 rebus
1827 1567 1900 1600 Sedi
1919 1567 2002 1612 Apo-

1247 1621 1378 1653 stolicae
1408 1621 1539 1664 proprie
1571 1621 1739 1653 reservatis
1766 1620 1906 1654 liberum
1941 1621 2001 1665 ipsi

1248 1674 1386 1707 concilio
1407 1674 1579 1706 arbitrium
1604 1684 1662 1717 per
1681 1674 1789 1706 literas
1809 1674 1847 1706 ad
1881 1674 2002 1717 legatos

1248 1733 1374 1761 nostros
1391 1728 1526 1771 scriptas
1546 1728 1631 1760 ultro
1647 1727 1904 1771 permiserimus,
1918 1739 2001 1771 quae

1248 1781 1286 1814 de
1307 1782 1515 1814 sacramentis
1536 1786 1566 1814 et
1581 1781 1652 1814 aliis
1680 1781 1789 1821 rebus,
1819 1791 1902 1825 quae
1927 1781 2001 1825 qui-

1248 1835 1321 1868 dem
1342 1836 1541 1869 necessariae
1562 1835 1646 1868 visae
1667 1835 1740 1875 sint,
1762 1835 2003 1876 tractanda,de-

1248 1889 1389 1922 finienda
1414 1894 1444 1922 et
1464 1888 1631 1921 statuenda
1650 1888 1837 1928 restabant,
1867 1888 1907 1920 ad
1927 1898 2003 1921 con-

1249 1943 1396 1976 futandas
1415 1943 1576 1983 haereses,
1600 1942 1639 1974 ad
1659 1942 1818 1975 tollendos
1837 1942 1958 1975 abusus
1973 1947 2003 1975 et,

1248 1996 1466 2029 emendandos
1478 2006 1596 2035 mores,
1611 2006 1629 2028 a
1647 2000 1850 2028 sacrosancta
1866 1995 1998 2039 synodo,

1248 2060 1374 2081 summa
1394 2049 1540 2082 libertate
1562 2049 1793 2092 diligentiaque
1808 2053 1953 2089 tractata,
1972 2052 2002 2080 et

1248 2108 1397 2135 accurate
1431 2113 1468 2135 ac
1494 2107 1620 2135 mature
1640 2101 1816 2145 admodum
1850 2101 2000 2140 definita,

1247 2156 1415 2199 explicata,
1431 2161 1546 2189 statuta
1563 2161 1648 2188 sunt.
1671 2155 1794 2195 Quibus
1814 2155 1912 2188 rebus
1931 2164 2001 2198 per-

1248 2210 1349 2250 fectis,
1373 2209 1548 2243 concilium
1569 2215 1656 2242 tanta
1680 2209 1826 2242 omnium
1840 2235 1848 2249 ,
1875 2208 1931 2252 qui
1953 2206 1999 2241 illi

1248 2263 1476 2304 interfuerunt,
1499 2263 1674 2296 concordia
1689 2267 1855 2307 peractum
1875 2261 1946 2302 fuit,
1965 2265 2001 2295 ut

1247 2328 1440 2350 consensum
1461 2328 1536 2350 eum
1548 2318 1643 2361 plane
1664 2328 1681 2349 a
1696 2316 1832 2350 Domino
1848 2315 1999 2348 effectum

1246 2370 1344 2404 fuisse
1364 2371 1552 2411 constiterit,
1582 2371 1679 2414 idque
1701 2370 1734 2402 in
1766 2369 1884 2402 nostris
1902 2373 1998 2412 atque

1283 2452 1292 2476 1
1316 2451 1380 2478 Huic
1410 2451 1521 2478 concilio
1550 2451 1727 2478 interfuerunt
1757 2449 1832 2484 legati
1860 2448 1933 2475 card.
1961 2449 1996 2481 2,

1246 2496 1412 2531 patriarchae
1431 2498 1447 2523 5
1459 2516 1466 2529 ,
1495 2495 1685 2531 archiepiscopi
1704 2495 1738 2521 25
1751 2515 1757 2526 ‚
1784 2493 1903 2529 episcopi
1927 2493 1974 2520 168
1988 2513 1995 2525 ,

1245 2541 1353 2568 abbates
1369 2542 1396 2572 7,
1418 2545 1601 2576 procuratores
1621 2539 1768 2566 absentium
1787 2539 1837 2570 59,
1860 2538 1997 2573 generales

1244 2586 1374 2613 Ordiiium
1394 2587 1421 2618 7,
1447 2587 1492 2621 qui
1512 2593 1603 2612 omnes
1629 2584 1843 2618 subscripserunt
1873 2590 1902 2609 se
1928 2590 1996 2609 con-

1243 2631 1312 2664 cilio,
1332 2635 1359 2658 et
1388 2631 1495 2658 fuerunt
1515 2637 1626 2658 numero
1645 2629 1707 2661 255,
1735 2631 1763 2654 ut
1784 2626 1876 2662 legitur
1897 2627 1922 2654 iu
1945 2626 1996 2654 fine

1243 2676 1360 2704 Concilii.

2015 433 2036 450 ut
2059 436 2129 456 supra,
2145 435 2198 450 con-
2218 448 2219 451 ,

2015 461 2058 481 stit.
2074 466 2131 481 xxvii
2147 460 2172 486 1,
