2237 3100
255 219 300 243 An.
323 217 351 243 C.
371 217 433 243 t57t

282 597 392 617 tlt-insulae
408 596 440 615 ilev

258 630 385 655 rocatumae.

302 2072 412 2093 Exordium

303 2294 368 2313 Causa
385 2300 422 2312 run

277 2326 372 2345 tutionis.

499 206 564 241 884

453 269 538 302 tandi
570 268 719 302 facultate
737 273 765 300 et
787 267 989 307 auctoritate,
1012 265 1148 299 iudicari
1178 271 1208 299 et

453 322 580 355 definiri
612 322 746 360 debere,
770 326 799 353 et
831 321 854 352 si
883 330 977 352 secus
998 330 1096 363 super
1122 319 1160 352 iis
1190 330 1207 351 a

453 387 630 420 quoquam,
650 374 762 420 quavis
775 373 977 413 auctoritate,
1001 373 1141 406 scienter
1160 373 1207 406 vel

454 430 649 473 ignoranter,
669 427 836 472 contigerit
858 427 1018 467 attentari,
1036 426 1162 460 irritum
1180 432 1210 460 et

456 487 549 519 inane
570 483 790 516 decernimus.

494 535 508 577 ἓ
528 533 558 567 6.
581 533 651 566 Non
668 532 867 565 obstantibus
884 531 1068 576 praemissis
1083 537 1113 564 et,
1129 542 1209 575 qua-

456 598 596 630 cumque
617 586 677 619 alia
693 586 757 619 litis
777 586 964 630 pendentia,
984 596 1109 618 necnon
1132 595 1210 618 con-

457 641 678 674 stitutionibus
698 646 726 672 et
749 639 1010 673 ordinationibus
1026 638 1211 682 apostolicis

457 706 491 727 ae
506 695 615 737 regula
628 700 736 727 nostra
745 694 783 726 dc
793 693 1008 727 nontollendo
1020 693 1088 725 iurc¹
1112 704 1211 736 quae-

457 748 518 781 sito
539 748 570 780 in
596 747 795 781 Cancellaria
820 746 1003 790 Apostolica
1032 747 1144 786 edita·,
1174 758 1211 780 ac

459 802 582 845 legibus
604 807 631 834 et
654 801 792 839 statutis,
816 801 1013 840 iuramento,
1037 802 1212 833 eonlirma-

460 856 545 889 tione
567 855 744 899 apostolica
764 855 812 887 rel
833 854 944 897 quavis
970 854 1121 887 firmitate
1152 855 1213 887 alia

459 909 633 950 roboratis;
651 908 828 952 privilegiis
849 918 994 951 quoque,
1023 908 1157 941 indultis
1184 914 1212 941 et

460 963 574 996 litteris
595 962 781 1006 apostolicis
799 962 830 994 in
857 961 1057 994 contrarium
1077 972 1214 1004 quomo-

461 1017 579 1049 dolibet
599 1016 771 1056 concessis,
800 1026 924 1049 necnon
951 1015 1102 1048 omnibus
1123 1015 1213 1055 aliis,

462 1070 592 1114 quaein
606 1070 700 1103 dictis
713 1069 829 1103 litteris
846 1069 964 1102 nostris
977 1069 1137 1102 voluimus
1152 1080 1216 1102 non

465 1125 606 1163 obstare,
620 1124 803 1167 ceterisque.
816 1123 987 1156 contrariis
1001 1134 1065 1156 non
1088 1124 1218 1157 obstan-

467 1178 551 1211 tibus
571 1177 844 1221 quibuscumque.

510 1233 623 1264 Datum
640 1232 760 1264 Romae
774 1231 859 1274 apud
873 1230 903 1264 S.
924 1230 1068 1270 Petrum,
1087 1231 1146 1263 sub
1165 1241 1219 1263 an-

467 1286 544 1318 nulo
564 1285 746 1325 Piscatoris,
767 1284 818 1317 die
839 1284 953 1327 quinta
974 1284 1093 1322 martii,
1117 1284 1220 1317 mille-

466 1338 1220 1383 simoquingentesimoseptuagesimosecundo,

468 1393 676 1437 pontificatus
697 1392 797 1425 nostri
816 1402 900 1425 anno
916 1402 970 1424 vn.

771 1491 886 1502 ,-

763 1620 916 1654 CLXXXI.

539 1726 746 1758 Cambiorum
768 1723 956 1759 illicitorum
980 1724 1154 1758 declaratio

706 1783 734 1811 e!
752 1779 932 1821 prohibitio
957 1778 980 1810 l.

560 1869 623 1898 Pius
643 1868 784 1904 episcopus
805 1875 901 1896 servus
919 1875 1060 1897 servorum
1079 1868 1136 1901 Dei.

621 1924 655 1951 ad
667 1923 831 1958 perpetuam
850 1923 890 1951 rei
910 1923 1080 1951 memoriam.

517 2005 551 2037 In
569 2014 653 2043 eam,
666 2014 724 2047 pro
737 2008 847 2036 nostro
872 2004 1024 2046 pastorali
1040 2004 1157 2045 officio,
1170 2015 1226 2037 cu-

474 2070 542 2091 ram
556 2058 729 2101 diligenter
740 2057 971 2098 incumbimus,
988 2064 1019 2090 ut
1032 2058 1159 2091 Domini
1172 2070 1227 2092 no-

474 2112 530 2145 stri
547 2112 660 2145 ovibus
680 2117 866 2156 opportuna
888 2123 945 2155 pro
974 2112 1147 2145 animarun
1178 2124 1227 2145 sa-

475 2167 540 2199 lute
551 2166 696 2199 remedia
706 2166 861 2199 adhibere
875 2166 1008 2199 minime
1025 2166 1224 2200 disseramus.

520 2223 533 2263 ς’
554 2221 584 2253 l.
608 2221 687 2254 Cum
706 2220 815 2263 itaque
833 2220 871 2252 ad
888 2231 982 2252 aures
1003 2226 1128 2254 nostras
1154 2232 1228 2265 per-

427 2276 596 2313 ὃψνιςιιςψίῐ
640 2275 824 2318 legitimum
866 2275 1069 2307 ‹mniliioruni
1115 2287 1228 2317 usum,

477 2340 573 2372 quem
595 2329 768 2362 necessitas
784 2328 981 2372 publicaque.
996 2329 1117 2361 utilitas
1132 2329 1229 2363 indu-

515 2406 524 2430 ¹
539 2406 575 2431 De
595 2404 687 2439 poenis
703 2404 833 2431 eiusmodi
853 2404 1017 2431 cambiorum
1030 2404 1136 2431 attende
1148 2404 1184 2431 Pii
1197 2406 1230 2435 [V

479 2450 692 2476 constitutionem
709 2457 727 2482 ι,
739 2451 804 2476 Cum
816 2452 893 2481 sicut,
905 2457 963 2484 pag.
978 2450 987 2475 l
1003 2449 1082 2476 huius
1093 2449 1166 2476 tomi.
1179 2450 1230 2478 Sed

479 2498 619 2527 praetextu
638 2495 774 2521 usurariae
786 2494 927 2529 pravitatis
938 2502 989 2520 non
1004 2494 1156 2521 retardatur
1167 2503 1232 2521 exa-

478 2539 530 2564 ctio
555 2538 717 2565 creditorum
740 2538 772 2565 ad
793 2539 943 2565 instantiam
964 2538 1017 2565 fisci
1038 2546 1126 2565 coram
1148 2539 1178 2565 Α.
1201 2540 1229 2566 C.

481 2581 510 2604 ut
538 2578 564 2604 in
589 2578 707 2605 eiusdem
734 2578 770 2605 Pii
789 2579 822 2607 tv
841 2579 1030 2606 constitutione
1055 2586 1139 2612 thx,
1157 2580 1232 2606 Inter

481 2624 646 2657 ›tiulttpltces,
667 2622 772 2657 ibidem,
791 2631 847 2660 pag⁴
869 2624 930 2651 207.

1054 212 1232 237 BULLARIUM
1258 212 1406 237 ROMANmt

1248 265 1305 302 xit,
1325 276 1571 309 saepenumero,
1593 267 1634 300 ob
1654 267 1756 301 illiciti
1778 274 1931 312 quaestus
1948 280 2002 302 cu-

1250 319 1431 363 piditatem,
1455 320 1637 364 depravari,
1654 327 1687 354 ut
1714 322 1772 354 sub
1798 322 1886 356 illius
1908 334 2002 367 prae-

1251 382 1339 410 textu
1358 379 1506 411 usuraria
1532 378 1672 421 pravitas
1689 390 1706 411 a
1727 380 1892 413 nonnullis
1913 392 2003 414 exer-

1251 437 1374 471 ceatur3
1398 442 1455 465 nos
1471 432 1695 476 petitionibus,
1718 444 1801 476 quae
1830 445 1928 478 super
1955 435 2006 468 his

1252 485 1344 518 nobis
1373 496 1479 529 nuper
1506 486 1607 519 sactae
1639 492 1730 527 sunt,
1755 487 1816 520 hac
1847 494 2006 532 perpetuo

1252 538 1388 571 valitura
1410 539 1564 572 decretali
1579 541 1843 584 respondendum
1861 551 1930 574 esse
1946 542 2006 575 du-

1252 592 1368 632 ximus,
1384 597 1419 625 ut
1435 603 1541 636 neque
1560 593 1680 626 dolosis
1698 593 1706 616 ¹
1727 594 1934 638 suffragetur,
1949 605 2007 627 nc—

1254 657 1316 689 que
1338 645 1466 688 ignaros
1484 647 1597 690 perdat
1615 647 1760 680 inscitia:
1780 647 1825 680 sic
1842 647 1929 680 enim
1950 659 2008 692 pa-

1254 699 1348 733 storis
1364 700 1506 733 osticium
1528 701 1743 744 exequimur,
1771 701 1848 734 dum
1878 713 2008 746 gregem

1255 753 1348 786 nobis
1369 754 1577 787 commissum
1599 755 1639 787 ab
1656 759 1806 788 aeternae
1827 755 2009 789 damnatio-

1256 807 1305 839 nis
1326 807 1472 850 periculo
1494 808 1619 852 eripere
1648 808 1752 842 modis
1773 808 1926 843 omnibus
1946 815 2010 843 stu-

1256 861 1382 894 demus.

1301 916 1315 958 g
1336 914 1366 948 2.
1390 916 1534 949 Primum
1556 917 1656 960 igitur
1676 918 1871 951 damnamus
1886 928 1924 951 ea
1943 929 2012 952 om-

1258 969 1310 1001 nia
1325 969 1462 1010 cambia,
1475 981 1558 1014 quae
1576 971 1661 1005 sicca
1681 971 1904 1013 nominantur,
1922 977 1954 1006 et
1968 972 2012 1006 ita

1258 1023 1491 1066 continguntur
1520 1030 1555 1057 ut
1584 1025 1813 1058 contrahentes
1843 1025 1882 1058 ad
1908 1031 2013 1059 certas

1260 1076 1423 1109 nundinas
1452 1088 1506 1110 scu
1534 1078 1572 1110 ad
1595 1078 1657 1111 alia
1677 1079 1747 1112 loca
1778 1078 1903 1112 cambia
1927 1080 2011 1113 cele-

1258 1130 1352 1162 brare
1374 1130 1539 1173 simulent,
1561 1132 1600 1165 ad
1617 1143 1699 1175 quac
1719 1132 1791 1165 loca
1812 1132 1847 1173 ii,
1875 1132 1932 1176 qui
1957 1144 2014 1177 pe-

1261 1183 1390 1216 cuniam
1422 1184 1599 1228 recipiunt,
1616 1185 1741 1218 litteras
1775 1185 1908 1230 quidem
1943 1197 2017 1220 suas

1262 1237 1378 1270 cambii
1393 1238 1534 1279 tradunt,
1551 1239 1605 1272 sed
1621 1250 1686 1272 non
1703 1239 1891 1280 mittuntur,
1909 1240 1959 1273 vel
1972 1240 2017 1273 ita

1263 1291 1494 1332 mittunturut‚
1511 1298 1827 1337 transactotempore
1837 1294 1925 1327 unde
1939 1304 2016 1338 pro-

1263 1351 1437 1386 cesserant,
1466 1346 1578 1379 inanes
1605 1347 1805 1387 referantur3
1831 1347 2015 1388 autetiam,

1264 1399 1361 1431 nullis
1385 1399 1572 1433 huiusmodi
1587 1400 1702 1433 litteris
1720 1400 1857 1442 traditis,
1881 1401 2019 1445 pecunia

1264 1453 1307 1485 ihi
1329 1453 1470 1497 denique
1491 1466 1565 1488 cum
1584 1455 1739 1488 interesse
1753 1455 1948 1499 reposcitur,
1961 1455 2018 1488 uhi

1265 1512 1450 1541 contractus
1470 1508 1576 1542 fuerat
1596 1509 1798 1550 celebratus3
1828 1519 1904 1542 nam
1934 1509 2020 1543 inter

1266 1561 1380 1595 dantes
1396 1568 1423 1594 et
1441 1562 1635 1606 recipientes
1650 1573 1754 1606 usque
1767 1574 1785 1596 a
1802 1563 1965 1608 principio
1976 1563 2020 1596 ita

1267 1622 1470 1657 convenerat,
1499 1617 1547 1649 vel
1570 1622 1655 1650 certe
1680 1616 1753 1649 talis
1778 1616 1914 1657 intentio
1934 1624 2019 1659 erat·,

1267 1676 1372 1709 neque
1393 1666 1566 1709 quisquam
1584 1671 1642 1706 est,
1665 1666 1719 1710 qui
1742 1666 1775 1698 in
1790 1667 1947 1701 nundinis
1967 1673 2022 1701 aut

1268 1716 1347 1749 locis
1370 1715 1578 1759 supradictis,
1596 1715 1785 1748 huiusmodi
1800 1715 1916 1748 litteris
1934 1727 2022 1750 rece-

1268 1765 1342 1809 ptis,
1372 1765 1566 1798 solutionem
1587 1765 1693 1797 saciat.
1722 1764 1780 1798 Cui
1806 1765 1891 1798 malo
1917 1765 2022 1799 simile

1268 1815 1364 1847 etiam
1386 1815 1467 1847 illud
1488 1820 1545 1853 est,
1564 1825 1638 1846 eum
1654 1813 1813 1857 pecuniae
1834 1813 1899 1846 sive
1920 1814 2022 1858 depo-

1268 1864 1319 1896 siti
1348 1864 1411 1897 sive
1443 1864 1506 1896 alio
1534 1863 1665 1897 nomine
1702 1863 1768 1895 ficti
1807 1863 1926 1896 cambii
1959 1869 2023 1896 tra—

1269 1913 1403 1953 duntur,
1424 1919 1456 1946 ut
1478 1919 1588 1956 postea
1605 1913 1718 1946 eodeni
1736 1913 1769 1945 in
1788 1913 1861 1946 loco
1881 1913 1930 1946 vel
1946 1913 2023 1945 alibi

1270 1974 1342 1996 cum
1363 1964 1456 1996 lucro
1482 1962 1703 1995 restituantur.
1738 1961 1799 1995 Sed
1827 1967 1858 1994 et
1886 1961 1920 1994 in
1947 1962 2024 2006 ipsis

1270 2012 1416 2048 cambiis,
1438 2022 1521 2055 quae
1545 2011 1644 2044 realia
1669 2011 1896 2054 appellantur,
1923 2011 2024 2045 inter-

1270 2062 1360 2101 dum,
1373 2066 1406 2093 ut
1417 2061 1456 2094 ad
1470 2072 1528 2094 nos
1546 2060 1721 2104 perfertur,
1734 2071 1919 2104 campsores
1930 2072 2024 2104 prae-

1271 2111 1415 2144 stitutum
1447 2111 1619 2144 solutionis
1648 2110 1835 2151 terminum,
1860 2110 1952 2144 lucro
1988 2122 2025 2144 ex

1271 2161 1364 2193 tacita
1375 2160 1422 2193 vel
1437 2171 1586 2204 expressa
1599 2160 1810 2193 conventione
1824 2164 1956 2203 recepto
1968 2171 2025 2194 seu

1272 2210 1366 2243 etiam
1393 2209 1618 2243 tantummodo
1646 2209 1824 2253 promisso,
1856 2209 2021 2243 differunt.

1271 2260 1357 2299 Quae
1371 2259 1479 2292 omnia
1495 2269 1553 2292 nos
1565 2258 1713 2291 usuraria
1727 2269 1795 2291 esse
1808 2258 2022 2299 declaramus,

1272 2315 1302 2342 et
1322 2320 1362 2342 ne
1383 2310 1460 2341 fiant
1479 2308 1656 2342 districtius
1674 2308 1895 2352 prohibemus.
1914 2309 2024 2349 Porro,

1272 2359 1311 2391 ad
1332 2358 1489 2391 tollendas
1502 2368 1632 2401 quoquc
1654 2357 1684 2390 in
1708 2357 1852 2398 cambiis,
1868 2363 2024 2401 quantum

1274 2419 1347 2441 cum
1365 2408 1429 2440 Deo
1451 2418 1634 2451 possumus,
1658 2406 1844 2440 occasiones
1869 2406 2025 2450 peccandi

1273 2457 1468 2500 fraudesque
1501 2458 1754 2496 foeneratorum,
1778 2456 1948 2489 statuimus
1986 2466 2026 2489 ne

1273 2506 1426 2549 deinceps
1437 2506 1608 2549 quisquam
1617 2505 1745 2545 audeat,
1757 2505 1820 2538 sive
1835 2515 1852 2537 a
1864 2504 2026 2549 principio

1275 2555 1337 2587 sive
1354 2555 1443 2595 alias,
1473 2560 1597 2588 certum
1619 2559 1650 2587 et
1670 2553 1920 2587 determinatum
1941 2553 2025 2586 inte-

1311 2623 1320 2648 1
1341 2622 1392 2647 Suu
1412 2621 1486 2655 fraus
1504 2621 1577 2649 addit
1597 2620 1712 2648 Cherub.
1732 2620 1769 2656 (n.
1790 2621 1841 2656 T.)-

2018 217 2066 243 An.
2084 215 2113 242 C.
2133 214 2195 242 {15⁷¹

2039 930 2169 952 (iambici-um
2186 930 2209 951 it-

2027 962 2132 983 liciturum
2171 963 2209 982 de-

2025 993 2114 1013 claratio
2126 996 2147 1013 et
2156 998 2210 1019 pro—

2026 1024 2109 1044 hibsshu
