<?xml version="1.0" encoding="UTF-8"?>
<!DOCTYPE html PUBLIC "-//W3C//DTD XHTML 1.0 Transitional//EN"
    "http://www.w3.org/TR/xhtml1/DTD/xhtml1-transitional.dtd">
<html xmlns="http://www.w3.org/1999/xhtml" xml:lang="en" lang="en">
 <head>
  <title>
</title>
<meta http-equiv="Content-Type" content="text/html;charset=utf-8" />
  <meta name='ocr-system' content='tesseract 3.04.00' />
  <meta name='ocr-capabilities' content='ocr_page ocr_carea ocr_par ocr_line ocrx_word'/>
</head>
<body>
  <div class='ocr_page' id='page_1' title='image "./bullarumdiplomat07cath_0162.png"; bbox 0 0 2237 3100; ppageno 0'>
   <div class='ocr_carea' id='block_1_1' title="bbox 246 282 425 309">
    <p class='ocr_par' dir='ltr' id='par_1_1' title="bbox 246 282 425 309">
     <span class='ocr_line' id='line_1_1' title="bbox 246 282 425 309; baseline -0.006 0"><span class='ocrx_word' id='word_1_1' title='bbox 246 282 294 309; x_wconf 71' lang='lat' dir='ltr'>An.</span> <span class='ocrx_word' id='word_1_2' title='bbox 312 282 341 309; x_wconf 91' lang='lat' dir='ltr'>C.</span> <span class='ocrx_word' id='word_1_3' title='bbox 362 282 425 309; x_wconf 77' lang='lat'>¹56¹</span> 
     </span>
    </p>
   </div>
   <div class='ocr_carea' id='block_1_2' title="bbox 245 769 428 884">
    <p class='ocr_par' dir='ltr' id='par_1_2' title="bbox 245 769 428 884">
     <span class='ocr_line' id='line_1_2' title="bbox 267 769 427 790; baseline 0 -1"><span class='ocrx_word' id='word_1_4' title='bbox 267 769 362 790; x_wconf 47' lang='lat' dir='ltr'>facultas</span> <span class='ocrx_word' id='word_1_5' title='bbox 382 770 427 790; x_wconf 75' lang='lat' dir='ltr'>col-</span> 
     </span>
     <span class='ocr_line' id='line_1_3' title="bbox 245 801 428 822; baseline 0.005 -2"><span class='ocrx_word' id='word_1_6' title='bbox 245 801 334 822; x_wconf 78' lang='lat' dir='ltr'>tector-s</span> <span class='ocrx_word' id='word_1_7' title='bbox 345 802 364 821; x_wconf 87' lang='lat' dir='ltr'>in</span> <span class='ocrx_word' id='word_1_8' title='bbox 376 806 428 822; x_wconf 85' lang='lat' dir='ltr'>exe-</span> 
     </span>
     <span class='ocr_line' id='line_1_4' title="bbox 246 832 428 853; baseline -0.005 0"><span class='ocrx_word' id='word_1_9' title='bbox 246 834 330 853; x_wconf 75' lang='lat' dir='ltr'><strong>cutione</strong></span> <span class='ocrx_word' id='word_1_10' title='bbox 368 832 428 852; x_wconf 80' lang='lat' dir='ltr'>huius</span> 
     </span>
     <span class='ocr_line' id='line_1_5' title="bbox 246 864 414 884; baseline -0.006 0"><span class='ocrx_word' id='word_1_11' title='bbox 246 864 414 884; x_wconf 62' lang='lat' dir='ltr'>constitutionis.</span> 
     </span>
    </p>
   </div>
   <div class='ocr_carea' id='block_1_3' title="bbox 248 1789 433 1848">
    <p class='ocr_par' dir='ltr' id='par_1_3' title="bbox 248 1789 433 1848">
     <span class='ocr_line' id='line_1_6' title="bbox 261 1789 433 1811; baseline 0 -1"><span class='ocrx_word' id='word_1_12' title='bbox 261 1789 372 1811; x_wconf 71' lang='lat' dir='ltr'>clausulae</span> <span class='ocrx_word' id='word_1_13' title='bbox 396 1790 433 1810; x_wconf 72' lang='lat' dir='ltr'>ite·</span> 
     </span>
     <span class='ocr_line' id='line_1_7' title="bbox 248 1822 374 1848; baseline -0.016 -6"><span class='ocrx_word' id='word_1_14' title='bbox 248 1822 374 1848; x_wconf 70' lang='lat' dir='ltr'>rog-umiae,</span> 
     </span>
    </p>
   </div>
   <div class='ocr_carea' id='block_1_4' title="bbox 489 271 551 306">
    <p class='ocr_par' dir='ltr' id='par_1_4' title="bbox 489 271 551 306">
     <span class='ocr_line' id='line_1_8' title="bbox 489 271 551 306; baseline 0.016 -1"><span class='ocrx_word' id='word_1_15' title='bbox 489 271 551 306; x_wconf 65' lang='lat'>128</span> 
     </span>
    </p>
   </div>
   <div class='ocr_carea' id='block_1_5' title="bbox 443 334 1215 2718">
    <p class='ocr_par' dir='ltr' id='par_1_5' title="bbox 443 334 1199 697">
     <span class='ocr_line' id='line_1_9' title="bbox 446 334 1193 377; baseline -0.001 -11"><span class='ocrx_word' id='word_1_16' title='bbox 446 345 608 377; x_wconf 76' lang='lat' dir='ltr'>personas,</span> <span class='ocrx_word' id='word_1_17' title='bbox 633 335 754 367; x_wconf 79' lang='lat' dir='ltr'>sublata</span> <span class='ocrx_word' id='word_1_18' title='bbox 790 335 835 367; x_wconf 83' lang='lat' dir='ltr'>eis</span> <span class='ocrx_word' id='word_1_19' title='bbox 868 341 895 367; x_wconf 88' lang='lat' dir='ltr'>et</span> <span class='ocrx_word' id='word_1_20' title='bbox 931 346 1042 367; x_wconf 81' lang='lat' dir='ltr'>eorum</span> <span class='ocrx_word' id='word_1_21' title='bbox 1065 334 1193 367; x_wconf 75' lang='lat' dir='ltr'>cuilibet</span> 
     </span>
     <span class='ocr_line' id='line_1_10' title="bbox 444 382 1196 431; baseline 0 -12"><span class='ocrx_word' id='word_1_22' title='bbox 444 388 554 431; x_wconf 81' lang='lat' dir='ltr'>quavis</span> <span class='ocrx_word' id='word_1_23' title='bbox 587 388 680 420; x_wconf 79' lang='lat' dir='ltr'>aliter</span> <span class='ocrx_word' id='word_1_24' title='bbox 712 388 873 421; x_wconf 83' lang='lat' dir='ltr'>iudicandi</span> <span class='ocrx_word' id='word_1_25' title='bbox 902 394 929 420; x_wconf 85' lang='lat' dir='ltr'>et</span> <span class='ocrx_word' id='word_1_26' title='bbox 966 382 1196 431; x_wconf 74' lang='lat' dir='ltr'>interpretatuli</span> 
     </span>
     <span class='ocr_line' id='line_1_11' title="bbox 444 441 1195 477; baseline -0.003 -3"><span class='ocrx_word' id='word_1_27' title='bbox 444 442 593 474; x_wconf 74' lang='lat' dir='ltr'>tacultate</span> <span class='ocrx_word' id='word_1_28' title='bbox 611 447 639 474; x_wconf 84' lang='lat' dir='ltr'>et</span> <span class='ocrx_word' id='word_1_29' title='bbox 655 441 1006 477; x_wconf 63' lang='lat' dir='ltr'>auct01²itate,iudica1¹i</span> <span class='ocrx_word' id='word_1_30' title='bbox 1024 447 1051 473; x_wconf 90' lang='lat' dir='ltr'>et</span> <span class='ocrx_word' id='word_1_31' title='bbox 1069 441 1195 473; x_wconf 71' lang='lat' dir='ltr'>deliniri</span> 
     </span>
     <span class='ocr_line' id='line_1_12' title="bbox 445 494 1198 537; baseline 0.003 -12"><span class='ocrx_word' id='word_1_32' title='bbox 445 495 574 530; x_wconf 75' lang='lat' dir='ltr'>debere:</span> <span class='ocrx_word' id='word_1_33' title='bbox 593 495 720 527; x_wconf 88' lang='lat' dir='ltr'>irritum</span> <span class='ocrx_word' id='word_1_34' title='bbox 741 505 871 537; x_wconf 80' lang='lat' dir='ltr'>quoque</span> <span class='ocrx_word' id='word_1_35' title='bbox 892 500 919 526; x_wconf 82' lang='lat' dir='ltr'>et</span> <span class='ocrx_word' id='word_1_36' title='bbox 943 495 1036 526; x_wconf 85' lang='lat' dir='ltr'>inane</span> <span class='ocrx_word' id='word_1_37' title='bbox 1053 494 1198 527; x_wconf 80' lang='lat' dir='ltr'>decerni-</span> 
     </span>
     <span class='ocr_line' id='line_1_13' title="bbox 445 547 1199 591; baseline 0.001 -11"><span class='ocrx_word' id='word_1_38' title='bbox 445 559 528 583; x_wconf 82' lang='lat' dir='ltr'>mus.</span> <span class='ocrx_word' id='word_1_39' title='bbox 551 548 575 580; x_wconf 88' lang='lat' dir='ltr'>si</span> <span class='ocrx_word' id='word_1_40' title='bbox 598 559 689 580; x_wconf 82' lang='lat' dir='ltr'>secus</span> <span class='ocrx_word' id='word_1_41' title='bbox 710 558 807 590; x_wconf 87' lang='lat' dir='ltr'>super</span> <span class='ocrx_word' id='word_1_42' title='bbox 827 547 875 579; x_wconf 82' lang='lat' dir='ltr'>liis</span> <span class='ocrx_word' id='word_1_43' title='bbox 895 558 911 579; x_wconf 92' lang='lat' dir='ltr'>a</span> <span class='ocrx_word' id='word_1_44' title='bbox 928 558 1104 590; x_wconf 81' lang='lat' dir='ltr'>quoquam,</span> <span class='ocrx_word' id='word_1_45' title='bbox 1121 560 1199 591; x_wconf 89' lang='lat' dir='ltr'>qua-</span> 
     </span>
     <span class='ocr_line' id='line_1_14' title="bbox 443 601 1194 643; baseline 0.004 -11"><span class='ocrx_word' id='word_1_46' title='bbox 443 601 487 634; x_wconf 81' lang='lat' dir='ltr'>vis</span> <span class='ocrx_word' id='word_1_47' title='bbox 521 601 732 639; x_wconf 76' lang='lat' dir='ltr'>auctoritate,</span> <span class='ocrx_word' id='word_1_48' title='bbox 757 601 895 633; x_wconf 77' lang='lat' dir='ltr'>scienter</span> <span class='ocrx_word' id='word_1_49' title='bbox 918 601 966 633; x_wconf 86' lang='lat' dir='ltr'>vel</span> <span class='ocrx_word' id='word_1_50' title='bbox 992 601 1194 643; x_wconf 73' lang='lat' dir='ltr'>ignoranter,</span> 
     </span>
     <span class='ocr_line' id='line_1_15' title="bbox 444 653 797 697; baseline -0.006 -10"><span class='ocrx_word' id='word_1_51' title='bbox 444 654 610 697; x_wconf 76' lang='lat' dir='ltr'>contigerit</span> <span class='ocrx_word' id='word_1_52' title='bbox 637 653 797 686; x_wconf 88' lang='lat' dir='ltr'>attentari.</span> 
     </span>
    </p>

    <p class='ocr_par' dir='ltr' id='par_1_6' title="bbox 444 707 1205 1707">
     <span class='ocr_line' id='line_1_16' title="bbox 487 707 1198 747; baseline 0 -6"><span class='ocrx_word' id='word_1_53' title='bbox 487 711 501 747; x_wconf 59' lang='grc' dir='ltr'>,Ε</span> <span class='ocrx_word' id='word_1_54' title='bbox 522 708 552 741; x_wconf 77' lang='lat'>5.</span> <span class='ocrx_word' id='word_1_55' title='bbox 582 707 765 740; x_wconf 79' lang='lat' dir='ltr'>Mandantes</span> <span class='ocrx_word' id='word_1_56' title='bbox 785 707 888 740; x_wconf 87' lang='lat' dir='ltr'>eidem</span> <span class='ocrx_word' id='word_1_57' title='bbox 898 708 1021 741; x_wconf 89' lang='lat' dir='ltr'>Donato</span> <span class='ocrx_word' id='word_1_58' title='bbox 1042 707 1198 742; x_wconf 69' lang='lat' dir='ltr'>Matthaei)</span> 
     </span>
     <span class='ocr_line' id='line_1_17' title="bbox 444 761 1197 805; baseline 0.001 -11"><span class='ocrx_word' id='word_1_59' title='bbox 444 767 471 794; x_wconf 86' lang='lat' dir='ltr'>et</span> <span class='ocrx_word' id='word_1_60' title='bbox 508 772 566 805; x_wconf 85' lang='lat' dir='ltr'>pro</span> <span class='ocrx_word' id='word_1_61' title='bbox 601 766 747 804; x_wconf 82' lang='lat' dir='ltr'>tempore</span> <span class='ocrx_word' id='word_1_62' title='bbox 781 761 926 793; x_wconf 73' lang='lat' dir='ltr'>existenti</span> <span class='ocrx_word' id='word_1_63' title='bbox 948 762 1148 795; x_wconf 83' lang='lat' dir='ltr'>thesaurario</span> <span class='ocrx_word' id='word_1_64' title='bbox 1170 769 1197 796; x_wconf 81' lang='lat' dir='ltr'>et</span> 
     </span>
     <span class='ocr_line' id='line_1_18' title="bbox 445 814 1198 853; baseline 0.003 -6"><span class='ocrx_word' id='word_1_65' title='bbox 445 814 609 848; x_wconf 86' lang='lat' dir='ltr'>collectori</span> <span class='ocrx_word' id='word_1_66' title='bbox 646 820 690 853; x_wconf 80' lang='lat' dir='ltr'>nt,</span> <span class='ocrx_word' id='word_1_67' title='bbox 713 820 824 847; x_wconf 89' lang='lat' dir='ltr'>nostro</span> <span class='ocrx_word' id='word_1_68' title='bbox 858 820 887 846; x_wconf 81' lang='lat' dir='ltr'>et</span> <span class='ocrx_word' id='word_1_69' title='bbox 921 815 1025 848; x_wconf 85' lang='lat' dir='ltr'>dictae</span> <span class='ocrx_word' id='word_1_70' title='bbox 1046 816 1198 849; x_wconf 57' lang='lat' dir='ltr'>Caumrac</span> 
     </span>
     <span class='ocr_line' id='line_1_19' title="bbox 444 867 1197 912; baseline 0.005 -12"><span class='ocrx_word' id='word_1_71' title='bbox 444 868 587 908; x_wconf 86' lang='lat' dir='ltr'>nomine,</span> <span class='ocrx_word' id='word_1_72' title='bbox 600 868 737 908; x_wconf 85' lang='lat' dir='ltr'>fructus,</span> <span class='ocrx_word' id='word_1_73' title='bbox 748 867 904 905; x_wconf 75' lang='lat' dir='ltr'>redditus,</span> <span class='ocrx_word' id='word_1_74' title='bbox 918 874 1101 912; x_wconf 80' lang='lat' dir='ltr'>proventus,</span> <span class='ocrx_word' id='word_1_75' title='bbox 1116 870 1197 909; x_wconf 87' lang='lat' dir='ltr'>iura,</span> 
     </span>
     <span class='ocr_line' id='line_1_20' title="bbox 444 921 1198 957; baseline 0.003 -2"><span class='ocrx_word' id='word_1_76' title='bbox 444 922 653 955; x_wconf 70' lang='lat' dir='ltr'>obventiones</span> <span class='ocrx_word' id='word_1_77' title='bbox 691 926 719 953; x_wconf 78' lang='lat' dir='ltr'>et</span> <span class='ocrx_word' id='word_1_78' title='bbox 759 921 976 955; x_wconf 86' lang='lat' dir='ltr'>emolumenta</span> <span class='ocrx_word' id='word_1_79' title='bbox 1013 923 1198 957; x_wconf 82' lang='lat' dir='ltr'>huiusmodi</span> 
     </span>
     <span class='ocr_line' id='line_1_21' title="bbox 444 975 1196 1020; baseline 0.001 -11"><span class='ocrx_word' id='word_1_80' title='bbox 444 987 503 1020; x_wconf 86' lang='lat' dir='ltr'>per</span> <span class='ocrx_word' id='word_1_81' title='bbox 523 986 555 1009; x_wconf 87' lang='lat' dir='ltr'>se</span> <span class='ocrx_word' id='word_1_82' title='bbox 575 976 623 1008; x_wconf 81' lang='lat' dir='ltr'>vel</span> <span class='ocrx_word' id='word_1_83' title='bbox 644 975 713 1008; x_wconf 79' lang='lat' dir='ltr'>cius</span> <span class='ocrx_word' id='word_1_84' title='bbox 733 975 984 1008; x_wconf 84' lang='lat' dir='ltr'>subcollectores</span> <span class='ocrx_word' id='word_1_85' title='bbox 1003 977 1196 1020; x_wconf 77' lang='lat' dir='ltr'>praedictos,</span> 
     </span>
     <span class='ocr_line' id='line_1_22' title="bbox 445 1028 1199 1074; baseline 0.003 -12"><span class='ocrx_word' id='word_1_86' title='bbox 445 1029 540 1063; x_wconf 84' lang='lat' dir='ltr'>etiam</span> <span class='ocrx_word' id='word_1_87' title='bbox 567 1029 698 1073; x_wconf 84' lang='lat' dir='ltr'>propria</span> <span class='ocrx_word' id='word_1_88' title='bbox 720 1028 929 1067; x_wconf 74' lang='lat' dir='ltr'>auctoritate,</span> <span class='ocrx_word' id='word_1_89' title='bbox 949 1030 1069 1073; x_wconf 76' lang='lat' dir='ltr'>exigat,</span> <span class='ocrx_word' id='word_1_90' title='bbox 1094 1031 1199 1074; x_wconf 86' lang='lat' dir='ltr'>perci—</span> 
     </span>
     <span class='ocr_line' id='line_1_23' title="bbox 445 1082 1199 1127; baseline 0.003 -12"><span class='ocrx_word' id='word_1_91' title='bbox 445 1083 508 1127; x_wconf 85' lang='lat' dir='ltr'>piat</span> <span class='ocrx_word' id='word_1_92' title='bbox 540 1089 571 1116; x_wconf 88' lang='lat' dir='ltr'>et</span> <span class='ocrx_word' id='word_1_93' title='bbox 594 1083 687 1122; x_wconf 81' lang='lat' dir='ltr'>levet,</span> <span class='ocrx_word' id='word_1_94' title='bbox 710 1082 835 1125; x_wconf 75' lang='lat' dir='ltr'>sibique</span> <span class='ocrx_word' id='word_1_95' title='bbox 861 1082 1073 1116; x_wconf 72' lang='lat' dir='ltr'>nihilominus</span> <span class='ocrx_word' id='word_1_96' title='bbox 1094 1085 1199 1117; x_wconf 77' lang='lat' dir='ltr'>consi-</span> 
     </span>
     <span class='ocr_line' id='line_1_24' title="bbox 445 1135 1199 1180; baseline 0.001 -11"><span class='ocrx_word' id='word_1_97' title='bbox 445 1136 535 1179; x_wconf 83' lang='lat' dir='ltr'>gnari</span> <span class='ocrx_word' id='word_1_98' title='bbox 566 1142 595 1169; x_wconf 87' lang='lat' dir='ltr'>et</span> <span class='ocrx_word' id='word_1_99' title='bbox 629 1135 711 1169; x_wconf 88' lang='lat' dir='ltr'>tradi</span> <span class='ocrx_word' id='word_1_100' title='bbox 738 1136 777 1168; x_wconf 83' lang='lat' dir='ltr'>ab</span> <span class='ocrx_word' id='word_1_101' title='bbox 805 1135 976 1172; x_wconf 81' lang='lat' dir='ltr'>omnibus,</span> <span class='ocrx_word' id='word_1_102' title='bbox 1000 1137 1038 1169; x_wconf 83' lang='lat' dir='ltr'>ad</span> <span class='ocrx_word' id='word_1_103' title='bbox 1060 1148 1199 1180; x_wconf 75' lang='lat' dir='ltr'>quorun]</span> 
     </span>
     <span class='ocr_line' id='line_1_25' title="bbox 446 1183 1202 1235; baseline 0.001 -13"><span class='ocrx_word' id='word_1_104' title='bbox 446 1183 561 1223; x_wconf 86' lang='lat' dir='ltr'>manus</span> <span class='ocrx_word' id='word_1_105' title='bbox 578 1189 792 1233; x_wconf 74' lang='lat' dir='ltr'>pervenerint,</span> <span class='ocrx_word' id='word_1_106' title='bbox 807 1200 864 1232; x_wconf 90' lang='lat' dir='ltr'>pro</span> <span class='ocrx_word' id='word_1_107' title='bbox 877 1195 943 1222; x_wconf 85' lang='lat' dir='ltr'>rata</span> <span class='ocrx_word' id='word_1_108' title='bbox 956 1191 1130 1233; x_wconf 71' lang='lat' dir='ltr'>praedicta,</span> <span class='ocrx_word' id='word_1_109' title='bbox 1146 1203 1202 1235; x_wconf 86' lang='lat' dir='ltr'>per</span> 
     </span>
     <span class='ocr_line' id='line_1_26' title="bbox 447 1243 1203 1288; baseline 0.003 -13"><span class='ocrx_word' id='word_1_110' title='bbox 447 1254 600 1276; x_wconf 76' lang='lat' dir='ltr'>censuras</span> <span class='ocrx_word' id='word_1_111' title='bbox 616 1248 643 1275; x_wconf 78' lang='lat' dir='ltr'>et</span> <span class='ocrx_word' id='word_1_112' title='bbox 663 1254 784 1287; x_wconf 83' lang='lat' dir='ltr'>poenas</span> <span class='ocrx_word' id='word_1_113' title='bbox 799 1243 1044 1281; x_wconf 80' lang='lat' dir='ltr'>ecclesiasticas,</span> <span class='ocrx_word' id='word_1_114' title='bbox 1057 1256 1115 1288; x_wconf 87' lang='lat' dir='ltr'>per</span> <span class='ocrx_word' id='word_1_115' title='bbox 1132 1256 1203 1288; x_wconf 87' lang='lat' dir='ltr'>per-</span> 
     </span>
     <span class='ocr_line' id='line_1_27' title="bbox 447 1296 1202 1339; baseline 0.003 -10"><span class='ocrx_word' id='word_1_116' title='bbox 447 1307 541 1329; x_wconf 82' lang='lat' dir='ltr'>sonas</span> <span class='ocrx_word' id='word_1_117' title='bbox 560 1296 794 1330; x_wconf 82' lang='lat' dir='ltr'>ecclcsiasticas</span> <span class='ocrx_word' id='word_1_118' title='bbox 821 1296 860 1328; x_wconf 91' lang='lat' dir='ltr'>ab</span> <span class='ocrx_word' id='word_1_119' title='bbox 885 1307 922 1329; x_wconf 91' lang='lat' dir='ltr'>eo</span> <span class='ocrx_word' id='word_1_120' title='bbox 953 1296 1116 1339; x_wconf 74' lang='lat' dir='ltr'>eligendas</span> <span class='ocrx_word' id='word_1_121' title='bbox 1144 1300 1202 1331; x_wconf 80' lang='lat' dir='ltr'>sul-</span> 
     </span>
     <span class='ocr_line' id='line_1_28' title="bbox 448 1350 1202 1393; baseline 0.004 -11"><span class='ocrx_word' id='word_1_122' title='bbox 448 1350 628 1389; x_wconf 86' lang='lat' dir='ltr'>minandas,</span> <span class='ocrx_word' id='word_1_123' title='bbox 652 1355 680 1382; x_wconf 84' lang='lat' dir='ltr'>et</span> <span class='ocrx_word' id='word_1_124' title='bbox 703 1350 764 1382; x_wconf 84' lang='lat' dir='ltr'>alia</span> <span class='ocrx_word' id='word_1_125' title='bbox 785 1356 967 1393; x_wconf 86' lang='lat' dir='ltr'>opportuna</span> <span class='ocrx_word' id='word_1_126' title='bbox 988 1350 1067 1383; x_wconf 80' lang='lat' dir='ltr'>iuris</span> <span class='ocrx_word' id='word_1_127' title='bbox 1084 1358 1110 1384; x_wconf 85' lang='lat' dir='ltr'>et</span> <span class='ocrx_word' id='word_1_128' title='bbox 1129 1352 1202 1385; x_wconf 88' lang='lat' dir='ltr'>sacti</span> 
     </span>
     <span class='ocr_line' id='line_1_29' title="bbox 449 1404 1202 1449; baseline 0.004 -14"><span class='ocrx_word' id='word_1_129' title='bbox 449 1404 602 1441; x_wconf 73' lang='lat' dir='ltr'>remedia,</span> <span class='ocrx_word' id='word_1_130' title='bbox 623 1414 830 1448; x_wconf 88' lang='lat' dir='ltr'>quacumque</span> <span class='ocrx_word' id='word_1_131' title='bbox 863 1404 1079 1447; x_wconf 83' lang='lat' dir='ltr'>appellatione</span> <span class='ocrx_word' id='word_1_132' title='bbox 1114 1412 1202 1449; x_wconf 86' lang='lat' dir='ltr'>post-</span> 
     </span>
     <span class='ocr_line' id='line_1_30' title="bbox 448 1456 1203 1501; baseline 0.003 -12"><span class='ocrx_word' id='word_1_133' title='bbox 448 1457 562 1501; x_wconf 83' lang='lat' dir='ltr'>posita,</span> <span class='ocrx_word' id='word_1_134' title='bbox 585 1457 676 1491; x_wconf 79' lang='lat' dir='ltr'>saciat</span> <span class='ocrx_word' id='word_1_135' title='bbox 704 1462 731 1490; x_wconf 87' lang='lat' dir='ltr'>et</span> <span class='ocrx_word' id='word_1_136' title='bbox 755 1462 858 1497; x_wconf 83' lang='lat' dir='ltr'>curet,</span> <span class='ocrx_word' id='word_1_137' title='bbox 885 1456 1031 1491; x_wconf 87' lang='lat' dir='ltr'>invocato</span> <span class='ocrx_word' id='word_1_138' title='bbox 1053 1459 1160 1501; x_wconf 79' lang='lat' dir='ltr'>etiam,</span> <span class='ocrx_word' id='word_1_139' title='bbox 1179 1459 1203 1492; x_wconf 90' lang='lat' dir='ltr'>si</span> 
     </span>
     <span class='ocr_line' id='line_1_31' title="bbox 449 1510 1201 1555; baseline 0.003 -11"><span class='ocrx_word' id='word_1_140' title='bbox 449 1522 531 1555; x_wconf 88' lang='lat' dir='ltr'>opus</span> <span class='ocrx_word' id='word_1_141' title='bbox 564 1512 680 1553; x_wconf 77' lang='lat' dir='ltr'>suerit,</span> <span class='ocrx_word' id='word_1_142' title='bbox 702 1510 821 1544; x_wconf 82' lang='lat' dir='ltr'>auxilio</span> <span class='ocrx_word' id='word_1_143' title='bbox 855 1510 979 1543; x_wconf 85' lang='lat' dir='ltr'>brachii</span> <span class='ocrx_word' id='word_1_144' title='bbox 1016 1513 1201 1553; x_wconf 83' lang='lat' dir='ltr'>saecularis,</span> 
     </span>
     <span class='ocr_line' id='line_1_32' title="bbox 449 1564 1204 1610; baseline 0.003 -12"><span class='ocrx_word' id='word_1_145' title='bbox 449 1576 546 1609; x_wconf 88' lang='lat' dir='ltr'>super</span> <span class='ocrx_word' id='word_1_146' title='bbox 566 1565 685 1609; x_wconf 85' lang='lat' dir='ltr'>quibus</span> <span class='ocrx_word' id='word_1_147' title='bbox 701 1564 851 1598; x_wconf 88' lang='lat' dir='ltr'>omnibus</span> <span class='ocrx_word' id='word_1_148' title='bbox 871 1570 899 1597; x_wconf 86' lang='lat' dir='ltr'>et</span> <span class='ocrx_word' id='word_1_149' title='bbox 921 1565 1056 1608; x_wconf 79' lang='lat' dir='ltr'>singulis</span> <span class='ocrx_word' id='word_1_150' title='bbox 1075 1567 1204 1610; x_wconf 81' lang='lat' dir='ltr'>plenam</span> 
     </span>
     <span class='ocr_line' id='line_1_33' title="bbox 449 1619 1205 1663; baseline 0.001 -11"><span class='ocrx_word' id='word_1_151' title='bbox 449 1625 480 1652; x_wconf 89' lang='lat' dir='ltr'>et</span> <span class='ocrx_word' id='word_1_152' title='bbox 500 1619 634 1652; x_wconf 80' lang='lat' dir='ltr'>liberam</span> <span class='ocrx_word' id='word_1_153' title='bbox 650 1619 696 1652; x_wconf 90' lang='lat' dir='ltr'>illi</span> <span class='ocrx_word' id='word_1_154' title='bbox 712 1629 770 1663; x_wconf 88' lang='lat' dir='ltr'>per</span> <span class='ocrx_word' id='word_1_155' title='bbox 790 1623 976 1662; x_wconf 79' lang='lat' dir='ltr'>praesentes</span> <span class='ocrx_word' id='word_1_156' title='bbox 996 1620 1205 1653; x_wconf 79' lang='lat' dir='ltr'>concedimus</span> 
     </span>
     <span class='ocr_line' id='line_1_34' title="bbox 450 1674 647 1707; baseline 0 -1"><span class='ocrx_word' id='word_1_157' title='bbox 450 1674 647 1707; x_wconf 77' lang='lat' dir='ltr'>facultatem.</span> 
     </span>
    </p>

    <p class='ocr_par' dir='ltr' id='par_1_7' title="bbox 450 1727 1215 2718">
     <span class='ocr_line' id='line_1_35' title="bbox 493 1727 1207 1771; baseline 0.001 -11"><span class='ocrx_word' id='word_1_158' title='bbox 493 1727 557 1771; x_wconf 63' lang='lat'>§6</span> <span class='ocrx_word' id='word_1_159' title='bbox 594 1728 664 1761; x_wconf 88' lang='lat' dir='ltr'>Non</span> <span class='ocrx_word' id='word_1_160' title='bbox 693 1728 893 1761; x_wconf 84' lang='lat' dir='ltr'>obstantibus</span> <span class='ocrx_word' id='word_1_161' title='bbox 920 1728 1207 1762; x_wconf 77' lang='lat' dir='ltr'>constitutionibus</span> 
     </span>
     <span class='ocr_line' id='line_1_36' title="bbox 450 1781 1206 1827; baseline 0.001 -13"><span class='ocrx_word' id='word_1_162' title='bbox 450 1787 479 1814; x_wconf 83' lang='lat' dir='ltr'>et</span> <span class='ocrx_word' id='word_1_163' title='bbox 510 1781 769 1815; x_wconf 85' lang='lat' dir='ltr'>ordinationibus</span> <span class='ocrx_word' id='word_1_164' title='bbox 793 1782 999 1827; x_wconf 84' lang='lat' dir='ltr'>apostolicis,</span> <span class='ocrx_word' id='word_1_165' title='bbox 1023 1793 1060 1815; x_wconf 85' lang='lat' dir='ltr'>ac</span> <span class='ocrx_word' id='word_1_166' title='bbox 1094 1793 1206 1815; x_wconf 87' lang='lat' dir='ltr'>mona-</span> 
     </span>
     <span class='ocr_line' id='line_1_37' title="bbox 451 1835 1205 1869; baseline 0.003 -2"><span class='ocrx_word' id='word_1_167' title='bbox 451 1835 623 1868; x_wconf 81' lang='lat' dir='ltr'>steriorum</span> <span class='ocrx_word' id='word_1_168' title='bbox 645 1841 676 1869; x_wconf 81' lang='lat' dir='ltr'>et</span> <span class='ocrx_word' id='word_1_169' title='bbox 696 1836 828 1869; x_wconf 88' lang='lat' dir='ltr'>illorum</span> <span class='ocrx_word' id='word_1_170' title='bbox 848 1836 1005 1869; x_wconf 83' lang='lat' dir='ltr'>Ordinum</span> <span class='ocrx_word' id='word_1_171' title='bbox 1026 1847 1062 1869; x_wconf 79' lang='lat' dir='ltr'>ac</span> <span class='ocrx_word' id='word_1_172' title='bbox 1083 1836 1205 1869; x_wconf 83' lang='lat' dir='ltr'>beneti-</span> 
     </span>
     <span class='ocr_line' id='line_1_38' title="bbox 451 1889 1204 1933; baseline 0.008 -13"><span class='ocrx_word' id='word_1_173' title='bbox 451 1889 576 1922; x_wconf 68' lang='lat' dir='ltr'>riorum</span> <span class='ocrx_word' id='word_1_174' title='bbox 605 1890 845 1933; x_wconf 85' lang='lat' dir='ltr'>praedictorum</span> <span class='ocrx_word' id='word_1_175' title='bbox 859 1917 866 1931; x_wconf 90' lang='lat'>,</span> <span class='ocrx_word' id='word_1_176' title='bbox 887 1890 983 1923; x_wconf 84' lang='lat' dir='ltr'>etiam</span> <span class='ocrx_word' id='word_1_177' title='bbox 1004 1890 1204 1926; x_wconf 73' lang='lat' dir='ltr'>iuramento,</span> 
     </span>
     <span class='ocr_line' id='line_1_39' title="bbox 452 1943 1209 1988; baseline 0.001 -13"><span class='ocrx_word' id='word_1_178' title='bbox 452 1943 695 1977; x_wconf 68' lang='lat' dir='ltr'>confirmatione</span> <span class='ocrx_word' id='word_1_179' title='bbox 718 1944 893 1988; x_wconf 85' lang='lat' dir='ltr'>apostolica</span> <span class='ocrx_word' id='word_1_180' title='bbox 910 1945 957 1976; x_wconf 86' lang='lat' dir='ltr'>vel</span> <span class='ocrx_word' id='word_1_181' title='bbox 978 1943 1088 1987; x_wconf 83' lang='lat' dir='ltr'>quavis</span> <span class='ocrx_word' id='word_1_182' title='bbox 1108 1944 1209 1977; x_wconf 82' lang='lat' dir='ltr'>tirmi-</span> 
     </span>
     <span class='ocr_line' id='line_1_40' title="bbox 454 1997 1207 2033; baseline 0.001 -4"><span class='ocrx_word' id='word_1_183' title='bbox 454 2003 515 2030; x_wconf 82' lang='lat' dir='ltr'>tate</span> <span class='ocrx_word' id='word_1_184' title='bbox 536 1997 597 2030; x_wconf 86' lang='lat' dir='ltr'>alia</span> <span class='ocrx_word' id='word_1_185' title='bbox 619 1997 788 2033; x_wconf 71' lang='lat' dir='ltr'>roboratis,</span> <span class='ocrx_word' id='word_1_186' title='bbox 803 1998 928 2031; x_wconf 78' lang='lat' dir='ltr'>statutis</span> <span class='ocrx_word' id='word_1_187' title='bbox 948 2003 977 2029; x_wconf 85' lang='lat' dir='ltr'>et</span> <span class='ocrx_word' id='word_1_188' title='bbox 999 1998 1207 2030; x_wconf 83' lang='lat' dir='ltr'>consuetudi-</span> 
     </span>
     <span class='ocr_line' id='line_1_41' title="bbox 453 2051 1207 2095; baseline -0.003 -10"><span class='ocrx_word' id='word_1_189' title='bbox 453 2052 568 2091; x_wconf 84' lang='lat' dir='ltr'>nibus,</span> <span class='ocrx_word' id='word_1_190' title='bbox 593 2051 765 2095; x_wconf 79' lang='lat' dir='ltr'>privilegiis</span> <span class='ocrx_word' id='word_1_191' title='bbox 791 2062 938 2095; x_wconf 83' lang='lat' dir='ltr'>quoque,</span> <span class='ocrx_word' id='word_1_192' title='bbox 964 2051 1096 2084; x_wconf 87' lang='lat' dir='ltr'>indultis</span> <span class='ocrx_word' id='word_1_193' title='bbox 1121 2057 1147 2083; x_wconf 85' lang='lat' dir='ltr'>et</span> <span class='ocrx_word' id='word_1_194' title='bbox 1172 2051 1207 2083; x_wconf 90' lang='lat' dir='ltr'>li-</span> 
     </span>
     <span class='ocr_line' id='line_1_42' title="bbox 455 2104 1209 2149; baseline -0.003 -11"><span class='ocrx_word' id='word_1_195' title='bbox 455 2106 530 2139; x_wconf 77' lang='lat' dir='ltr'>teris</span> <span class='ocrx_word' id='word_1_196' title='bbox 551 2105 737 2149; x_wconf 86' lang='lat' dir='ltr'>apostolicis</span> <span class='ocrx_word' id='word_1_197' title='bbox 753 2105 816 2138; x_wconf 85' lang='lat' dir='ltr'>illis</span> <span class='ocrx_word' id='word_1_198' title='bbox 831 2111 860 2138; x_wconf 86' lang='lat' dir='ltr'>et</span> <span class='ocrx_word' id='word_1_199' title='bbox 877 2104 1041 2149; x_wconf 78' lang='lat' dir='ltr'>quibusvis</span> <span class='ocrx_word' id='word_1_200' title='bbox 1057 2105 1127 2137; x_wconf 86' lang='lat' dir='ltr'>aliis</span> <span class='ocrx_word' id='word_1_201' title='bbox 1138 2116 1209 2149; x_wconf 74' lang='lat' dir='ltr'>per-</span> 
     </span>
     <span class='ocr_line' id='line_1_43' title="bbox 454 2159 1207 2203; baseline -0.001 -11"><span class='ocrx_word' id='word_1_202' title='bbox 454 2160 560 2195; x_wconf 74' lang='lat' dir='ltr'>sonis.</span> <span class='ocrx_word' id='word_1_203' title='bbox 592 2159 651 2191; x_wconf 90' lang='lat' dir='ltr'>snb</span> <span class='ocrx_word' id='word_1_204' title='bbox 686 2159 946 2203; x_wconf 79' lang='lat' dir='ltr'>quibuscumque</span> <span class='ocrx_word' id='word_1_205' title='bbox 987 2159 1151 2191; x_wconf 87' lang='lat' dir='ltr'>tenoribus</span> <span class='ocrx_word' id='word_1_206' title='bbox 1181 2165 1207 2191; x_wconf 76' lang='lat' dir='ltr'>et</span> 
     </span>
     <span class='ocr_line' id='line_1_44' title="bbox 457 2212 1209 2256; baseline -0.001 -10"><span class='ocrx_word' id='word_1_207' title='bbox 457 2214 567 2247; x_wconf 87' lang='lat' dir='ltr'>t&#39;ormis</span> <span class='ocrx_word' id='word_1_208' title='bbox 587 2224 623 2246; x_wconf 87' lang='lat' dir='ltr'>ac</span> <span class='ocrx_word' id='word_1_209' title='bbox 645 2224 719 2245; x_wconf 87' lang='lat' dir='ltr'>cum</span> <span class='ocrx_word' id='word_1_210' title='bbox 741 2213 925 2256; x_wconf 73' lang='lat' dir='ltr'>quibusvis,</span> <span class='ocrx_word' id='word_1_211' title='bbox 949 2212 1043 2245; x_wconf 87' lang='lat' dir='ltr'>etiam</span> <span class='ocrx_word' id='word_1_212' title='bbox 1074 2212 1209 2255; x_wconf 68' lang='lat' dir='ltr'>deroga-</span> 
     </span>
     <span class='ocr_line' id='line_1_45' title="bbox 456 2266 1209 2309; baseline -0.003 -9"><span class='ocrx_word' id='word_1_213' title='bbox 456 2267 611 2300; x_wconf 86' lang='lat' dir='ltr'>toriarum</span> <span class='ocrx_word' id='word_1_214' title='bbox 648 2266 871 2309; x_wconf 71' lang='lat' dir='ltr'>derogatoriis,</span> <span class='ocrx_word' id='word_1_215' title='bbox 894 2266 1029 2309; x_wconf 83' lang='lat' dir='ltr'>aliisque</span> <span class='ocrx_word' id='word_1_216' title='bbox 1050 2266 1209 2299; x_wconf 83' lang='lat' dir='ltr'>efficacio-</span> 
     </span>
     <span class='ocr_line' id='line_1_46' title="bbox 457 2320 1209 2361; baseline 0 -8"><span class='ocrx_word' id='word_1_217' title='bbox 457 2322 558 2361; x_wconf 80' lang='lat' dir='ltr'>ribus,</span> <span class='ocrx_word' id='word_1_218' title='bbox 581 2320 811 2354; x_wconf 83' lang='lat' dir='ltr'>efficacissimis</span> <span class='ocrx_word' id='word_1_219' title='bbox 832 2325 863 2353; x_wconf 81' lang='lat' dir='ltr'>et</span> <span class='ocrx_word' id='word_1_220' title='bbox 882 2320 1018 2353; x_wconf 86' lang='lat' dir='ltr'>insolitis</span> <span class='ocrx_word' id='word_1_221' title='bbox 1038 2320 1209 2358; x_wconf 74' lang='lat' dir='ltr'>clausulis,</span> 
     </span>
     <span class='ocr_line' id='line_1_47' title="bbox 458 2373 1209 2418; baseline -0.003 -11"><span class='ocrx_word' id='word_1_222' title='bbox 458 2374 721 2418; x_wconf 86' lang='lat' dir='ltr'>irritantibusque</span> <span class='ocrx_word' id='word_1_223' title='bbox 741 2375 783 2407; x_wconf 82' lang='lat' dir='ltr'>&#39;et</span> <span class='ocrx_word' id='word_1_224' title='bbox 819 2373 890 2412; x_wconf 81' lang='lat' dir='ltr'>aliis</span> <span class='ocrx_word' id='word_1_225' title='bbox 922 2373 1078 2411; x_wconf 76' lang='lat' dir='ltr'>decretis,</span> <span class='ocrx_word' id='word_1_226' title='bbox 1116 2374 1209 2406; x_wconf 82' lang='lat' dir='ltr'>ctiam</span> 
     </span>
     <span class='ocr_line' id='line_1_48' title="bbox 458 2427 1212 2467; baseline -0.001 -6"><span class='ocrx_word' id='word_1_227' title='bbox 458 2434 547 2462; x_wconf 90' lang='lat' dir='ltr'>motu</span> <span class='ocrx_word' id='word_1_228' title='bbox 563 2433 591 2461; x_wconf 90' lang='lat' dir='ltr'>et</span> <span class='ocrx_word' id='word_1_229' title='bbox 609 2428 742 2461; x_wconf 80' lang='lat' dir='ltr'>scientia</span> <span class='ocrx_word' id='word_1_230' title='bbox 758 2427 928 2466; x_wconf 69' lang='lat' dir='ltr'>similibus,</span> <span class='ocrx_word' id='word_1_231' title='bbox 952 2428 1124 2467; x_wconf 74' lang='lat' dir='ltr'>concessis,</span> <span class='ocrx_word' id='word_1_232' title='bbox 1138 2439 1212 2460; x_wconf 88' lang='lat' dir='ltr'>con-</span> 
     </span>
     <span class='ocr_line' id='line_1_49' title="bbox 458 2477 1210 2520; baseline -0.001 -10"><span class='ocrx_word' id='word_1_233' title='bbox 458 2477 594 2510; x_wconf 84' lang='lat' dir='ltr'>firmatis</span> <span class='ocrx_word' id='word_1_234' title='bbox 623 2484 651 2510; x_wconf 90' lang='lat' dir='ltr'>et</span> <span class='ocrx_word' id='word_1_235' title='bbox 686 2477 863 2513; x_wconf 78' lang='lat' dir='ltr'>innovatis,</span> <span class='ocrx_word' id='word_1_236' title='bbox 894 2477 1014 2520; x_wconf 87' lang='lat' dir='ltr'>quibus</span> <span class='ocrx_word' id='word_1_237' title='bbox 1039 2477 1210 2517; x_wconf 84' lang='lat' dir='ltr'>omnibus,</span> 
     </span>
     <span class='ocr_line' id='line_1_50' title="bbox 459 2525 1212 2569; baseline 0 -11"><span class='ocrx_word' id='word_1_238' title='bbox 459 2526 553 2559; x_wconf 88' lang='lat' dir='ltr'>etiam</span> <span class='ocrx_word' id='word_1_239' title='bbox 584 2526 620 2565; x_wconf 88' lang='lat' dir='ltr'>si,</span> <span class='ocrx_word' id='word_1_240' title='bbox 648 2537 707 2569; x_wconf 91' lang='lat' dir='ltr'>pro</span> <span class='ocrx_word' id='word_1_241' title='bbox 733 2527 863 2559; x_wconf 88' lang='lat' dir='ltr'>illorum</span> <span class='ocrx_word' id='word_1_242' title='bbox 884 2525 1053 2558; x_wconf 85' lang='lat' dir='ltr'>sufficienti</span> <span class='ocrx_word' id='word_1_243' title='bbox 1079 2526 1212 2565; x_wconf 58' lang='lat' dir='ltr'>deroga—</span> 
     </span>
     <span class='ocr_line' id='line_1_51' title="bbox 460 2575 1214 2618; baseline 0 -11"><span class='ocrx_word' id='word_1_244' title='bbox 460 2575 563 2614; x_wconf 87' lang='lat' dir='ltr'>tione,</span> <span class='ocrx_word' id='word_1_245' title='bbox 586 2575 624 2607; x_wconf 87' lang='lat' dir='ltr'>de</span> <span class='ocrx_word' id='word_1_246' title='bbox 655 2575 716 2607; x_wconf 79' lang='lat' dir='ltr'>illis</span> <span class='ocrx_word' id='word_1_247' title='bbox 750 2585 928 2618; x_wconf 77' lang='lat' dir='ltr'>eorumque</span> <span class='ocrx_word' id='word_1_248' title='bbox 954 2575 1028 2608; x_wconf 88' lang='lat' dir='ltr'>totis</span> <span class='ocrx_word' id='word_1_249' title='bbox 1048 2575 1214 2607; x_wconf 74' lang='lat' dir='ltr'>tenoribus</span> 
     </span>
     <span class='ocr_line' id='line_1_52' title="bbox 461 2623 1213 2668; baseline 0 -13"><span class='ocrx_word' id='word_1_250' title='bbox 461 2624 620 2668; x_wconf 80' lang='lat' dir='ltr'>specialis,</span> <span class='ocrx_word' id='word_1_251' title='bbox 644 2624 805 2667; x_wconf 79' lang='lat' dir='ltr'>specitica,</span> <span class='ocrx_word' id='word_1_252' title='bbox 829 2635 976 2668; x_wconf 80' lang='lat' dir='ltr'>expressa</span> <span class='ocrx_word' id='word_1_253' title='bbox 1001 2630 1027 2656; x_wconf 85' lang='lat' dir='ltr'>et</span> <span class='ocrx_word' id='word_1_254' title='bbox 1052 2623 1213 2656; x_wconf 85' lang='lat' dir='ltr'>individua</span> 
     </span>
     <span class='ocr_line' id='line_1_53' title="bbox 461 2673 1215 2718; baseline -0.003 -11"><span class='ocrx_word' id='word_1_255' title='bbox 461 2684 497 2707; x_wconf 88' lang='lat' dir='ltr'>ac</span> <span class='ocrx_word' id='word_1_256' title='bbox 524 2674 561 2707; x_wconf 91' lang='lat' dir='ltr'>de</span> <span class='ocrx_word' id='word_1_257' title='bbox 582 2674 679 2707; x_wconf 85' lang='lat' dir='ltr'>verbo</span> <span class='ocrx_word' id='word_1_258' title='bbox 701 2673 738 2706; x_wconf 86' lang='lat' dir='ltr'>ad</span> <span class='ocrx_word' id='word_1_259' title='bbox 759 2674 908 2710; x_wconf 75' lang='lat' dir='ltr'>verbum,</span> <span class='ocrx_word' id='word_1_260' title='bbox 932 2684 996 2706; x_wconf 91' lang='lat' dir='ltr'>non</span> <span class='ocrx_word' id='word_1_261' title='bbox 1025 2679 1131 2707; x_wconf 86' lang='lat' dir='ltr'>autem</span> <span class='ocrx_word' id='word_1_262' title='bbox 1157 2683 1215 2718; x_wconf 90' lang='lat' dir='ltr'>per</span> 
     </span>
    </p>
   </div>
   <div class='ocr_carea' id='block_1_6' title="bbox 1042 266 1420 305">
    <p class='ocr_par' dir='ltr' id='par_1_8' title="bbox 1042 266 1420 305">
     <span class='ocr_line' id='line_1_54' title="bbox 1042 266 1420 305; baseline -0.008 0"><span class='ocrx_word' id='word_1_263' title='bbox 1042 282 1219 305; x_wconf 62' lang='lat' dir='ltr'>artu-mimi</span> <span class='ocrx_word' id='word_1_264' title='bbox 1244 280 1392 304; x_wconf 73' lang='lat' dir='ltr'>ROMANt&#39;u</span> <span class='ocrx_word' id='word_1_265' title='bbox 1414 266 1420 278; x_wconf 97' lang='grc'>’</span> 
     </span>
    </p>
   </div>
   <div class='ocr_carea' id='block_1_7' title="bbox 1238 332 2000 1799">
    <p class='ocr_par' dir='ltr' id='par_1_9' title="bbox 1238 332 1992 857">
     <span class='ocr_line' id='line_1_55' title="bbox 1238 332 1986 377; baseline 0 -12"><span class='ocrx_word' id='word_1_266' title='bbox 1238 333 1398 365; x_wconf 77' lang='lat' dir='ltr'>clausulas</span> <span class='ocrx_word' id='word_1_267' title='bbox 1431 333 1597 375; x_wconf 75' lang='lat' dir='ltr'>generales</span> <span class='ocrx_word' id='word_1_268' title='bbox 1632 332 1715 365; x_wconf 88' lang='lat' dir='ltr'>idem</span> <span class='ocrx_word' id='word_1_269' title='bbox 1755 333 1966 377; x_wconf 80' lang='lat' dir='ltr'>importantes</span> <span class='ocrx_word' id='word_1_270' title='bbox 1979 359 1986 372; x_wconf 87' lang='lat'>‚</span> 
     </span>
     <span class='ocr_line' id='line_1_56' title="bbox 1239 386 1989 430; baseline 0.003 -13"><span class='ocrx_word' id='word_1_271' title='bbox 1239 386 1358 418; x_wconf 74' lang='lat' dir='ltr'>mentio</span> <span class='ocrx_word' id='word_1_272' title='bbox 1375 397 1430 418; x_wconf 83' lang='lat' dir='ltr'>seu</span> <span class='ocrx_word' id='word_1_273' title='bbox 1445 386 1576 430; x_wconf 77' lang='lat' dir='ltr'>quaevis</span> <span class='ocrx_word' id='word_1_274' title='bbox 1590 386 1651 418; x_wconf 84' lang='lat' dir='ltr'>alia</span> <span class='ocrx_word' id='word_1_275' title='bbox 1667 387 1827 430; x_wconf 79' lang='lat' dir='ltr'>expressio</span> <span class='ocrx_word' id='word_1_276' title='bbox 1843 386 1989 419; x_wconf 86' lang='lat' dir='ltr'>habenda</span> 
     </span>
     <span class='ocr_line' id='line_1_57' title="bbox 1239 439 1990 484; baseline 0 -12"><span class='ocrx_word' id='word_1_277' title='bbox 1239 440 1337 479; x_wconf 77' lang='lat' dir='ltr'>soret,</span> <span class='ocrx_word' id='word_1_278' title='bbox 1372 444 1499 472; x_wconf 88' lang='lat' dir='ltr'>tenores</span> <span class='ocrx_word' id='word_1_279' title='bbox 1531 439 1736 477; x_wconf 84' lang='lat' dir='ltr'>huiusmodi,</span> <span class='ocrx_word' id='word_1_280' title='bbox 1766 439 1990 484; x_wconf 84' lang='lat' dir='ltr'>praesentibus</span> 
     </span>
     <span class='ocr_line' id='line_1_58' title="bbox 1241 492 1989 538; baseline 0.001 -14"><span class='ocrx_word' id='word_1_281' title='bbox 1241 504 1297 538; x_wconf 75' lang='lat' dir='ltr'>prs»</span> <span class='ocrx_word' id='word_1_282' title='bbox 1318 492 1515 526; x_wconf 80' lang='lat' dir='ltr'>sufficienter</span> <span class='ocrx_word' id='word_1_283' title='bbox 1534 493 1691 537; x_wconf 74' lang='lat' dir='ltr'>expressis</span> <span class='ocrx_word' id='word_1_284' title='bbox 1718 499 1749 526; x_wconf 89' lang='lat' dir='ltr'>et</span> <span class='ocrx_word' id='word_1_285' title='bbox 1776 493 1904 526; x_wconf 82' lang='lat' dir='ltr'>insertis</span> <span class='ocrx_word' id='word_1_286' title='bbox 1932 493 1989 526; x_wconf 90' lang='lat' dir='ltr'>ha-</span> 
     </span>
     <span class='ocr_line' id='line_1_59' title="bbox 1238 546 1990 590; baseline 0 -11"><span class='ocrx_word' id='word_1_287' title='bbox 1238 548 1364 582; x_wconf 61' lang='lat' dir='ltr'>bentes,</span> <span class='ocrx_word' id='word_1_288' title='bbox 1386 546 1448 579; x_wconf 89' lang='lat' dir='ltr'>iltis</span> <span class='ocrx_word' id='word_1_289' title='bbox 1468 546 1545 579; x_wconf 88' lang='lat' dir='ltr'>alias</span> <span class='ocrx_word' id='word_1_290' title='bbox 1565 546 1597 578; x_wconf 92' lang='lat' dir='ltr'>in</span> <span class='ocrx_word' id='word_1_291' title='bbox 1619 557 1675 579; x_wconf 89' lang='lat' dir='ltr'>suo</span> <span class='ocrx_word' id='word_1_292' title='bbox 1696 547 1812 579; x_wconf 85' lang='lat' dir='ltr'>robore</span> <span class='ocrx_word' id='word_1_293' title='bbox 1839 557 1990 590; x_wconf 86' lang='lat' dir='ltr'>perman-</span> 
     </span>
     <span class='ocr_line' id='line_1_60' title="bbox 1239 599 1990 641; baseline 0 -8"><span class='ocrx_word' id='word_1_294' title='bbox 1239 600 1333 635; x_wconf 78' lang='lat' dir='ltr'>suris,</span> <span class='ocrx_word' id='word_1_295' title='bbox 1366 601 1426 632; x_wconf 84' lang='lat' dir='ltr'>bac</span> <span class='ocrx_word' id='word_1_296' title='bbox 1459 600 1525 632; x_wconf 85' lang='lat' dir='ltr'>vice</span> <span class='ocrx_word' id='word_1_297' title='bbox 1560 599 1735 640; x_wconf 79' lang='lat' dir='ltr'>dumtaxat,</span> <span class='ocrx_word' id='word_1_298' title='bbox 1758 600 1874 632; x_wconf 84' lang='lat' dir='ltr'>barum</span> <span class='ocrx_word' id='word_1_299' title='bbox 1895 599 1990 641; x_wconf 86' lang='lat' dir='ltr'>serie,</span> 
     </span>
     <span class='ocr_line' id='line_1_61' title="bbox 1240 653 1992 698; baseline 0.001 -12"><span class='ocrx_word' id='word_1_300' title='bbox 1240 653 1422 698; x_wconf 82' lang='lat' dir='ltr'>specialiter</span> <span class='ocrx_word' id='word_1_301' title='bbox 1441 658 1469 686; x_wconf 86' lang='lat' dir='ltr'>et</span> <span class='ocrx_word' id='word_1_302' title='bbox 1488 664 1635 696; x_wconf 76' lang='lat' dir='ltr'>expresse</span> <span class='ocrx_word' id='word_1_303' title='bbox 1651 654 1855 696; x_wconf 75' lang='lat' dir='ltr'>derogamus,</span> <span class='ocrx_word' id='word_1_304' title='bbox 1873 653 1992 697; x_wconf 85' lang='lat' dir='ltr'>illaque</span> 
     </span>
     <span class='ocr_line' id='line_1_62' title="bbox 1240 707 1992 751; baseline 0.001 -11"><span class='ocrx_word' id='word_1_305' title='bbox 1240 708 1391 741; x_wconf 84' lang='lat' dir='ltr'>adversus</span> <span class='ocrx_word' id='word_1_306' title='bbox 1412 707 1586 750; x_wconf 84' lang='lat' dir='ltr'>praemissa</span> <span class='ocrx_word' id='word_1_307' title='bbox 1613 707 1798 740; x_wconf 85' lang='lat' dir='ltr'>nullatenus</span> <span class='ocrx_word' id='word_1_308' title='bbox 1823 707 1992 751; x_wconf 78' lang='lat' dir='ltr'>suffragari</span> 
     </span>
     <span class='ocr_line' id='line_1_63' title="bbox 1241 761 1992 807; baseline 0 -12"><span class='ocrx_word' id='word_1_309' title='bbox 1241 773 1332 807; x_wconf 67' lang='lat' dir='ltr'>posse</span> <span class='ocrx_word' id='word_1_310' title='bbox 1354 761 1416 793; x_wconf 81' lang='lat' dir='ltr'>sive</span> <span class='ocrx_word' id='word_1_311' title='bbox 1437 761 1554 793; x_wconf 78' lang='lat' dir='ltr'>debore</span> <span class='ocrx_word' id='word_1_312' title='bbox 1575 761 1791 801; x_wconf 87' lang='lat' dir='ltr'>decernimus,</span> <span class='ocrx_word' id='word_1_313' title='bbox 1813 761 1992 806; x_wconf 85' lang='lat' dir='ltr'>ceterisque</span> 
     </span>
     <span class='ocr_line' id='line_1_64' title="bbox 1241 815 1704 857; baseline -0.006 -8"><span class='ocrx_word' id='word_1_314' title='bbox 1241 815 1411 850; x_wconf 81' lang='lat' dir='ltr'>contrariis</span> <span class='ocrx_word' id='word_1_315' title='bbox 1431 815 1704 857; x_wconf 80' lang='lat' dir='ltr'>quibuscumque.</span> 
     </span>
    </p>

    <p class='ocr_par' dir='ltr' id='par_1_10' title="bbox 1240 869 1996 1158">
     <span class='ocr_line' id='line_1_65' title="bbox 1249 869 1991 913; baseline 0.001 -11"><span class='ocrx_word' id='word_1_316' title='bbox 1249 870 1259 880; x_wconf 88' lang='lat'>&#39;</span> <span class='ocrx_word' id='word_1_317' title='bbox 1284 871 1299 913; x_wconf 55' lang='lat' dir='ltr'>g</span> <span class='ocrx_word' id='word_1_318' title='bbox 1320 869 1350 902; x_wconf 78' lang='lat'>7.</span> <span class='ocrx_word' id='word_1_319' title='bbox 1374 869 1646 901; x_wconf 70' lang='lat' dir='ltr'>l&#39;olumusautem</span> <span class='ocrx_word' id='word_1_320' title='bbox 1659 869 1746 911; x_wconf 84' lang='lat' dir='ltr'>quod</span> <span class='ocrx_word' id='word_1_321' title='bbox 1763 879 1799 901; x_wconf 83' lang='lat' dir='ltr'>ex</span> <span class='ocrx_word' id='word_1_322' title='bbox 1819 869 1991 912; x_wconf 78' lang='lat' dir='ltr'>fructibus,</span> 
     </span>
     <span class='ocr_line' id='line_1_66' title="bbox 1242 917 1993 961; baseline 0.001 -9"><span class='ocrx_word' id='word_1_323' title='bbox 1242 919 1419 952; x_wconf 71' lang='lat' dir='ltr'>redditibus</span> <span class='ocrx_word' id='word_1_324' title='bbox 1435 924 1462 951; x_wconf 82' lang='lat' dir='ltr'>et</span> <span class='ocrx_word' id='word_1_325' title='bbox 1482 917 1691 961; x_wconf 80' lang='lat' dir='ltr'>proventibus</span> <span class='ocrx_word' id='word_1_326' title='bbox 1712 928 1770 961; x_wconf 84' lang='lat' dir='ltr'>per</span> <span class='ocrx_word' id='word_1_327' title='bbox 1785 917 1907 951; x_wconf 81' lang='lat' dir='ltr'>dictum</span> <span class='ocrx_word' id='word_1_328' title='bbox 1924 919 1993 954; x_wconf 84' lang='lat' dir='ltr'>the-</span> 
     </span>
     <span class='ocr_line' id='line_1_67' title="bbox 1241 966 1994 1011; baseline 0.003 -11"><span class='ocrx_word' id='word_1_329' title='bbox 1241 967 1421 1001; x_wconf 81' lang='lat' dir='ltr'>saurarium</span> <span class='ocrx_word' id='word_1_330' title='bbox 1457 973 1483 999; x_wconf 88' lang='lat' dir='ltr'>ct</span> <span class='ocrx_word' id='word_1_331' title='bbox 1512 966 1606 999; x_wconf 85' lang='lat' dir='ltr'>etiam</span> <span class='ocrx_word' id='word_1_332' title='bbox 1637 966 1805 1010; x_wconf 82' lang='lat' dir='ltr'>deputatos</span> <span class='ocrx_word' id='word_1_333' title='bbox 1838 978 1897 1011; x_wconf 87' lang='lat' dir='ltr'>pro</span> <span class='ocrx_word' id='word_1_334' title='bbox 1927 973 1994 1002; x_wconf 85' lang='lat' dir='ltr'>rata</span> 
     </span>
     <span class='ocr_line' id='line_1_68' title="bbox 1240 1015 1995 1060; baseline 0.003 -11"><span class='ocrx_word' id='word_1_335' title='bbox 1240 1017 1427 1049; x_wconf 85' lang='lat' dir='ltr'>huiusmodi</span> <span class='ocrx_word' id='word_1_336' title='bbox 1451 1015 1679 1060; x_wconf 75' lang='lat' dir='ltr'>percipiendis,</span> <span class='ocrx_word' id='word_1_337' title='bbox 1702 1026 1800 1048; x_wconf 87' lang='lat' dir='ltr'>onera</span> <span class='ocrx_word' id='word_1_338' title='bbox 1819 1027 1995 1059; x_wconf 81' lang='lat' dir='ltr'>quaecum-</span> 
     </span>
     <span class='ocr_line' id='line_1_69' title="bbox 1241 1064 1996 1109; baseline 0.003 -11"><span class='ocrx_word' id='word_1_339' title='bbox 1241 1077 1303 1109; x_wconf 84' lang='lat' dir='ltr'>que</span> <span class='ocrx_word' id='word_1_340' title='bbox 1324 1065 1416 1097; x_wconf 82' lang='lat' dir='ltr'>dictis</span> <span class='ocrx_word' id='word_1_341' title='bbox 1432 1064 1597 1097; x_wconf 82' lang='lat' dir='ltr'>beneticiis</span> <span class='ocrx_word' id='word_1_342' title='bbox 1613 1064 1832 1097; x_wconf 83' lang='lat' dir='ltr'>incumbentia</span> <span class='ocrx_word' id='word_1_343' title='bbox 1849 1064 1996 1100; x_wconf 84' lang='lat' dir='ltr'>similiter</span> 
     </span>
     <span class='ocr_line' id='line_1_70' title="bbox 1243 1113 1934 1158; baseline 0 -11"><span class='ocrx_word' id='word_1_344' title='bbox 1243 1126 1300 1158; x_wconf 85' lang='lat' dir='ltr'>pro</span> <span class='ocrx_word' id='word_1_345' title='bbox 1322 1120 1388 1147; x_wconf 83' lang='lat' dir='ltr'>rata</span> <span class='ocrx_word' id='word_1_346' title='bbox 1410 1113 1565 1157; x_wconf 76' lang='lat' dir='ltr'>temporis</span> <span class='ocrx_word' id='word_1_347' title='bbox 1580 1113 1765 1157; x_wconf 84' lang='lat' dir='ltr'>supportari</span> <span class='ocrx_word' id='word_1_348' title='bbox 1786 1113 1934 1148; x_wconf 88' lang='lat' dir='ltr'>debeant.</span> 
     </span>
    </p>

    <p class='ocr_par' dir='ltr' id='par_1_11' title="bbox 1243 1162 1999 1541">
     <span class='ocr_line' id='line_1_71' title="bbox 1287 1162 1995 1206; baseline 0.004 -11"><span class='ocrx_word' id='word_1_349' title='bbox 1287 1164 1301 1206; x_wconf 59' lang='lat' dir='ltr'>g</span> <span class='ocrx_word' id='word_1_350' title='bbox 1321 1162 1351 1195; x_wconf 80' lang='lat'>8.</span> <span class='ocrx_word' id='word_1_351' title='bbox 1379 1163 1534 1205; x_wconf 76' lang='lat' dir='ltr'>Quodque</span> <span class='ocrx_word' id='word_1_352' title='bbox 1555 1162 1795 1206; x_wconf 84' lang='lat' dir='ltr'>praesentium,</span> <span class='ocrx_word' id='word_1_353' title='bbox 1818 1173 1916 1196; x_wconf 84' lang='lat' dir='ltr'>manu</span> <span class='ocrx_word' id='word_1_354' title='bbox 1937 1175 1995 1198; x_wconf 92' lang='lat' dir='ltr'>no-</span> 
     </span>
     <span class='ocr_line' id='line_1_72' title="bbox 1243 1210 1997 1256; baseline 0.003 -12"><span class='ocrx_word' id='word_1_355' title='bbox 1243 1211 1314 1244; x_wconf 86' lang='lat' dir='ltr'>tarii</span> <span class='ocrx_word' id='word_1_356' title='bbox 1352 1211 1471 1254; x_wconf 83' lang='lat' dir='ltr'>publici</span> <span class='ocrx_word' id='word_1_357' title='bbox 1507 1210 1706 1255; x_wconf 77' lang='lat' dir='ltr'>subscriptis,</span> <span class='ocrx_word' id='word_1_358' title='bbox 1729 1212 1940 1256; x_wconf 82' lang='lat' dir='ltr'>transumptis</span> <span class='ocrx_word' id='word_1_359' title='bbox 1967 1219 1997 1247; x_wconf 81' lang='lat' dir='ltr'>et</span> 
     </span>
     <span class='ocr_line' id='line_1_73' title="bbox 1244 1260 1997 1305; baseline 0.003 -11"><span class='ocrx_word' id='word_1_360' title='bbox 1244 1261 1348 1305; x_wconf 70' lang='lat' dir='ltr'>sigillo</span> <span class='ocrx_word' id='word_1_361' title='bbox 1369 1271 1525 1304; x_wconf 80' lang='lat' dir='ltr'>personae</span> <span class='ocrx_word' id='word_1_362' title='bbox 1546 1261 1577 1293; x_wconf 89' lang='lat' dir='ltr'>in</span> <span class='ocrx_word' id='word_1_363' title='bbox 1599 1260 1752 1302; x_wconf 72' lang='lat' dir='ltr'>dignitate</span> <span class='ocrx_word' id='word_1_364' title='bbox 1778 1261 1997 1296; x_wconf 82' lang='lat' dir='ltr'>ecclesiastica</span> 
     </span>
     <span class='ocr_line' id='line_1_74' title="bbox 1245 1309 1997 1344; baseline 0.001 -1"><span class='ocrx_word' id='word_1_365' title='bbox 1245 1310 1436 1343; x_wconf 83' lang='lat' dir='ltr'>constitutae</span> <span class='ocrx_word' id='word_1_366' title='bbox 1457 1321 1511 1342; x_wconf 88' lang='lat' dir='ltr'>seu</span> <span class='ocrx_word' id='word_1_367' title='bbox 1534 1309 1643 1342; x_wconf 82' lang='lat' dir='ltr'>curiae</span> <span class='ocrx_word' id='word_1_368' title='bbox 1664 1310 1899 1343; x_wconf 86' lang='lat' dir='ltr'>ecclesiasticae</span> <span class='ocrx_word' id='word_1_369' title='bbox 1924 1322 1997 1344; x_wconf 87' lang='lat' dir='ltr'>mu-</span> 
     </span>
     <span class='ocr_line' id='line_1_75' title="bbox 1244 1358 1999 1403; baseline 0.004 -12"><span class='ocrx_word' id='word_1_370' title='bbox 1244 1359 1336 1395; x_wconf 70' lang='lat' dir='ltr'>nitis,</span> <span class='ocrx_word' id='word_1_371' title='bbox 1359 1360 1469 1391; x_wconf 86' lang='lat' dir='ltr'>cadem</span> <span class='ocrx_word' id='word_1_372' title='bbox 1496 1369 1628 1403; x_wconf 87' lang='lat' dir='ltr'>prorsus</span> <span class='ocrx_word' id='word_1_373' title='bbox 1656 1358 1737 1391; x_wconf 87' lang='lat' dir='ltr'>fides</span> <span class='ocrx_word' id='word_1_374' title='bbox 1770 1359 1802 1391; x_wconf 91' lang='lat' dir='ltr'>in</span> <span class='ocrx_word' id='word_1_375' title='bbox 1827 1358 1948 1393; x_wconf 86' lang='lat' dir='ltr'>iudicio</span> <span class='ocrx_word' id='word_1_376' title='bbox 1968 1366 1999 1394; x_wconf 86' lang='lat' dir='ltr'>et</span> 
     </span>
     <span class='ocr_line' id='line_1_76' title="bbox 1245 1408 1998 1452; baseline 0.003 -11"><span class='ocrx_word' id='word_1_377' title='bbox 1245 1415 1330 1442; x_wconf 79' lang='lat' dir='ltr'>extra</span> <span class='ocrx_word' id='word_1_378' title='bbox 1351 1409 1554 1446; x_wconf 81' lang='lat' dir='ltr'>adhibeatur,</span> <span class='ocrx_word' id='word_1_379' title='bbox 1576 1419 1659 1452; x_wconf 88' lang='lat' dir='ltr'>quae</span> <span class='ocrx_word' id='word_1_380' title='bbox 1680 1408 1799 1442; x_wconf 86' lang='lat' dir='ltr'>eisdem</span> <span class='ocrx_word' id='word_1_381' title='bbox 1821 1410 1998 1452; x_wconf 81' lang='lat' dir='ltr'>praesenti-</span> 
     </span>
     <span class='ocr_line' id='line_1_77' title="bbox 1245 1457 1998 1498; baseline 0.003 -7"><span class='ocrx_word' id='word_1_382' title='bbox 1245 1459 1305 1491; x_wconf 83' lang='lat' dir='ltr'>bus</span> <span class='ocrx_word' id='word_1_383' title='bbox 1324 1459 1533 1491; x_wconf 80' lang='lat' dir='ltr'>adhiberetur</span> <span class='ocrx_word' id='word_1_384' title='bbox 1546 1484 1553 1498; x_wconf 90' lang='lat'>,</span> <span class='ocrx_word' id='word_1_385' title='bbox 1589 1457 1614 1491; x_wconf 86' lang='lat' dir='ltr'>si</span> <span class='ocrx_word' id='word_1_386' title='bbox 1648 1458 1753 1491; x_wconf 84' lang='lat' dir='ltr'>forent</span> <span class='ocrx_word' id='word_1_387' title='bbox 1773 1458 1932 1492; x_wconf 83' lang='lat' dir='ltr'>exhibitae</span> <span class='ocrx_word' id='word_1_388' title='bbox 1951 1460 1998 1493; x_wconf 89' lang='lat' dir='ltr'>vel</span> 
     </span>
     <span class='ocr_line' id='line_1_78' title="bbox 1246 1514 1402 1541; baseline -0.006 0"><span class='ocrx_word' id='word_1_389' title='bbox 1246 1514 1402 1541; x_wconf 69' lang='lat' dir='ltr'>ostensae,</span> 
     </span>
    </p>

    <p class='ocr_par' dir='ltr' id='par_1_12' title="bbox 1247 1557 2000 1751">
     <span class='ocr_line' id='line_1_79' title="bbox 1290 1557 1997 1602; baseline 0.003 -12"><span class='ocrx_word' id='word_1_390' title='bbox 1290 1558 1404 1590; x_wconf 87' lang='lat' dir='ltr'>Datum</span> <span class='ocrx_word' id='word_1_391' title='bbox 1425 1558 1544 1590; x_wconf 79' lang='lat' dir='ltr'>Romae</span> <span class='ocrx_word' id='word_1_392' title='bbox 1565 1558 1651 1601; x_wconf 84' lang='lat' dir='ltr'>apud</span> <span class='ocrx_word' id='word_1_393' title='bbox 1671 1557 1825 1591; x_wconf 83' lang='lat' dir='ltr'>Sanctum</span> <span class='ocrx_word' id='word_1_394' title='bbox 1845 1558 1997 1602; x_wconf 86' lang='lat' dir='ltr'>Petrum,</span> 
     </span>
     <span class='ocr_line' id='line_1_80' title="bbox 1247 1607 2000 1653; baseline 0.003 -11"><span class='ocrx_word' id='word_1_395' title='bbox 1247 1609 1306 1642; x_wconf 86' lang='lat' dir='ltr'>sub</span> <span class='ocrx_word' id='word_1_396' title='bbox 1326 1609 1447 1641; x_wconf 84' lang='lat' dir='ltr'>annulo</span> <span class='ocrx_word' id='word_1_397' title='bbox 1468 1607 1648 1648; x_wconf 83' lang='lat' dir='ltr'>Piscatoris,</span> <span class='ocrx_word' id='word_1_398' title='bbox 1669 1607 1719 1641; x_wconf 89' lang='lat' dir='ltr'>die</span> <span class='ocrx_word' id='word_1_399' title='bbox 1733 1608 2000 1653; x_wconf 78' lang='lat' dir='ltr'>vigesimaquinta</span> 
     </span>
     <span class='ocr_line' id='line_1_81' title="bbox 1247 1656 2000 1702; baseline 0.004 -12"><span class='ocrx_word' id='word_1_400' title='bbox 1247 1657 1368 1701; x_wconf 88' lang='lat' dir='ltr'>aprilis,</span> <span class='ocrx_word' id='word_1_401' title='bbox 1391 1657 1563 1690; x_wconf 81' lang='lat' dir='ltr'>millesimo</span> <span class='ocrx_word' id='word_1_402' title='bbox 1588 1656 1845 1699; x_wconf 78' lang='lat' dir='ltr'>quingentesimo</span> <span class='ocrx_word' id='word_1_403' title='bbox 1870 1668 2000 1702; x_wconf 86' lang='lat' dir='ltr'>sexage-</span> 
     </span>
     <span class='ocr_line' id='line_1_82' title="bbox 1247 1706 1958 1751; baseline 0.001 -10"><span class='ocrx_word' id='word_1_404' title='bbox 1247 1707 1449 1751; x_wconf 78' lang='lat' dir='ltr'>simoprimo,</span> <span class='ocrx_word' id='word_1_405' title='bbox 1472 1706 1678 1750; x_wconf 85' lang='lat' dir='ltr'>pontificatus</span> <span class='ocrx_word' id='word_1_406' title='bbox 1697 1706 1797 1740; x_wconf 88' lang='lat' dir='ltr'>nostri</span> <span class='ocrx_word' id='word_1_407' title='bbox 1819 1717 1904 1741; x_wconf 89' lang='lat' dir='ltr'>anno</span> <span class='ocrx_word' id='word_1_408' title='bbox 1924 1718 1958 1742; x_wconf 88' lang='lat'>11.-</span> 
     </span>
    </p>

    <p class='ocr_par' dir='ltr' id='par_1_13' title="bbox 1289 1760 1960 1799">
     <span class='ocr_line' id='line_1_83' title="bbox 1289 1760 1960 1799; baseline 0.003 -8"><span class='ocrx_word' id='word_1_409' title='bbox 1289 1762 1348 1791; x_wconf 62' lang='lat' dir='ltr'>tint.</span> <span class='ocrx_word' id='word_1_410' title='bbox 1367 1762 1415 1791; x_wconf 87' lang='lat' dir='ltr'>die</span> <span class='ocrx_word' id='word_1_411' title='bbox 1430 1761 1468 1790; x_wconf 72' lang='lat'>⁶35</span> <span class='ocrx_word' id='word_1_412' title='bbox 1482 1761 1584 1799; x_wconf 78' lang='lat' dir='ltr'>aprilis</span> <span class='ocrx_word' id='word_1_413' title='bbox 1601 1761 1692 1797; x_wconf 76' lang='lat'>1561,</span> <span class='ocrx_word' id='word_1_414' title='bbox 1710 1760 1812 1798; x_wconf 80' lang='lat' dir='ltr'>pontif.</span> <span class='ocrx_word' id='word_1_415' title='bbox 1832 1770 1909 1791; x_wconf 90' lang='lat' dir='ltr'>anno</span> <span class='ocrx_word' id='word_1_416' title='bbox 1930 1771 1960 1793; x_wconf 83' lang='lat'>11.</span> 
     </span>
    </p>
   </div>
   <div class='ocr_carea' id='block_1_8' title="bbox 1519 1818 1695 1824">
    <p class='ocr_par' dir='ltr' id='par_1_14' title="bbox 1519 1818 1695 1824">
     <span class='ocr_line' id='line_1_84' title="bbox 1519 1818 1695 1824; baseline 0 0"><span class='ocrx_word' id='word_1_417' title='bbox 1519 1818 1695 1824; x_wconf 95' lang='lat' dir='ltr'> </span> 
     </span>
    </p>
   </div>
   <div class='ocr_carea' id='block_1_9' title="bbox 1578 1872 1664 1905">
    <p class='ocr_par' dir='ltr' id='par_1_15' title="bbox 1578 1872 1664 1905">
     <span class='ocr_line' id='line_1_85' title="bbox 1578 1872 1664 1905; baseline 0.012 -1"><span class='ocrx_word' id='word_1_418' title='bbox 1578 1872 1664 1905; x_wconf 79' lang='lat' dir='ltr'>XLII.</span> 
     </span>
    </p>
   </div>
   <div class='ocr_carea' id='block_1_10' title="bbox 1249 1936 2008 2380">
    <p class='ocr_par' dir='ltr' id='par_1_16' title="bbox 1249 1936 2005 2068">
     <span class='ocr_line' id='line_1_86' title="bbox 1249 1936 2004 1977; baseline -0.003 -7"><span class='ocrx_word' id='word_1_419' title='bbox 1249 1937 1438 1970; x_wconf 67' lang='lat' dir='ltr'>Jurisdicte&#39;o</span> <span class='ocrx_word' id='word_1_420' title='bbox 1463 1940 1491 1969; x_wconf 76' lang='lat' dir='ltr'>et</span> <span class='ocrx_word' id='word_1_421' title='bbox 1515 1936 1686 1977; x_wconf 70' lang='lat' dir='ltr'>facultates</span> <span class='ocrx_word' id='word_1_422' title='bbox 1710 1936 1870 1968; x_wconf 69' lang='lat' dir='ltr'>auditoris</span> <span class='ocrx_word' id='word_1_423' title='bbox 1893 1946 2004 1968; x_wconf 78' lang='lat' dir='ltr'>causa-</span> 
     </span>
     <span class='ocr_line' id='line_1_87' title="bbox 1294 1984 2005 2028; baseline -0.001 -10"><span class='ocrx_word' id='word_1_424' title='bbox 1294 1997 1363 2018; x_wconf 70' lang='lat' dir='ltr'>rum</span> <span class='ocrx_word' id='word_1_425' title='bbox 1387 1985 1505 2018; x_wconf 73' lang='lat' dir='ltr'>Curiae</span> <span class='ocrx_word' id='word_1_426' title='bbox 1527 1985 1725 2017; x_wconf 71' lang='lat' dir='ltr'>Reverendae</span> <span class='ocrx_word' id='word_1_427' title='bbox 1746 1984 1902 2018; x_wconf 78' lang='lat' dir='ltr'>Gamerae</span> <span class='ocrx_word' id='word_1_428' title='bbox 1920 1985 2005 2028; x_wconf 84' lang='lat' dir='ltr'>Apo-</span> 
     </span>
     <span class='ocr_line' id='line_1_88' title="bbox 1294 2034 1470 2068; baseline -0.006 -1"><span class='ocrx_word' id='word_1_429' title='bbox 1294 2035 1424 2068; x_wconf 76' lang='lat' dir='ltr'>stolicae</span> <span class='ocrx_word' id='word_1_430' title='bbox 1447 2034 1470 2066; x_wconf 85' lang='lat'>¹.</span> 
     </span>
    </p>

    <p class='ocr_par' dir='ltr' id='par_1_17' title="bbox 1250 2096 2008 2380">
     <span class='ocr_line' id='line_1_89' title="bbox 1347 2096 1902 2133; baseline 0 -8"><span class='ocrx_word' id='word_1_431' title='bbox 1347 2098 1407 2125; x_wconf 80' lang='lat' dir='ltr'>Pius</span> <span class='ocrx_word' id='word_1_432' title='bbox 1427 2097 1570 2133; x_wconf 81' lang='lat' dir='ltr'>episcopus</span> <span class='ocrx_word' id='word_1_433' title='bbox 1584 2104 1679 2126; x_wconf 84' lang='lat' dir='ltr'>servus</span> <span class='ocrx_word' id='word_1_434' title='bbox 1693 2103 1837 2126; x_wconf 80' lang='lat' dir='ltr'>servorum</span> <span class='ocrx_word' id='word_1_435' title='bbox 1846 2096 1902 2129; x_wconf 81' lang='lat' dir='ltr'>Dei.</span> 
     </span>
     <span class='ocr_line' id='line_1_90' title="bbox 1414 2145 1841 2175; baseline 0 -1"><span class='ocrx_word' id='word_1_436' title='bbox 1414 2147 1448 2174; x_wconf 83' lang='lat' dir='ltr'>ad</span> <span class='ocrx_word' id='word_1_437' title='bbox 1467 2146 1593 2175; x_wconf 79' lang='lat' dir='ltr'>futuram</span> <span class='ocrx_word' id='word_1_438' title='bbox 1611 2146 1653 2174; x_wconf 82' lang='lat' dir='ltr'>rei</span> <span class='ocrx_word' id='word_1_439' title='bbox 1670 2145 1841 2174; x_wconf 81' lang='lat' dir='ltr'>memoriam.</span> 
     </span>
     <span class='ocr_line' id='line_1_91' title="bbox 1250 2194 2003 2232; baseline -0.004 -6"><span class='ocrx_word' id='word_1_440' title='bbox 1250 2197 1402 2226; x_wconf 76' lang='lat' dir='ltr'>venerabili</span> <span class='ocrx_word' id='word_1_441' title='bbox 1421 2196 1510 2225; x_wconf 78' lang='lat' dir='ltr'>fratri</span> <span class='ocrx_word' id='word_1_442' title='bbox 1533 2197 1622 2225; x_wconf 70' lang='lat' dir='ltr'>flavio</span> <span class='ocrx_word' id='word_1_443' title='bbox 1642 2196 1767 2232; x_wconf 82' lang='lat' dir='ltr'>episcopo</span> <span class='ocrx_word' id='word_1_444' title='bbox 1786 2194 1942 2225; x_wconf 71' lang='lat' dir='ltr'>muranensi</span> <span class='ocrx_word' id='word_1_445' title='bbox 1956 2201 2003 2223; x_wconf 70' lang='lat' dir='ltr'>sa-</span> 
     </span>
     <span class='ocr_line' id='line_1_92' title="bbox 1291 2245 1869 2281; baseline -0.003 -6"><span class='ocrx_word' id='word_1_446' title='bbox 1291 2247 1378 2275; x_wconf 78' lang='lat' dir='ltr'>lutem</span> <span class='ocrx_word' id='word_1_447' title='bbox 1397 2247 1426 2274; x_wconf 82' lang='lat' dir='ltr'>et</span> <span class='ocrx_word' id='word_1_448' title='bbox 1446 2246 1626 2281; x_wconf 77' lang='lat' dir='ltr'>apostolicam</span> <span class='ocrx_word' id='word_1_449' title='bbox 1644 2245 1869 2274; x_wconf 76' lang='lat' dir='ltr'>benedictionem.</span> 
     </span>
     <span class='ocr_line' id='line_1_93' title="bbox 1297 2290 2005 2334; baseline -0.003 -10"><span class='ocrx_word' id='word_1_450' title='bbox 1297 2293 1341 2324; x_wconf 73' lang='lat' dir='ltr'>Ad</span> <span class='ocrx_word' id='word_1_451' title='bbox 1367 2292 1500 2325; x_wconf 82' lang='lat' dir='ltr'>eximiae</span> <span class='ocrx_word' id='word_1_452' title='bbox 1522 2291 1698 2324; x_wconf 88' lang='lat' dir='ltr'>devotionis</span> <span class='ocrx_word' id='word_1_453' title='bbox 1722 2290 1885 2330; x_wconf 82' lang='lat' dir='ltr'>affectum,</span> <span class='ocrx_word' id='word_1_454' title='bbox 1908 2300 2005 2334; x_wconf 86' lang='lat' dir='ltr'>quem</span> 
     </span>
     <span class='ocr_line' id='line_1_94' title="bbox 1254 2339 2008 2380; baseline -0.003 -7"><span class='ocrx_word' id='word_1_455' title='bbox 1254 2352 1327 2374; x_wconf 86' lang='lat' dir='ltr'>cum</span> <span class='ocrx_word' id='word_1_456' title='bbox 1344 2341 1418 2374; x_wconf 81' lang='lat' dir='ltr'>fidei</span> <span class='ocrx_word' id='word_1_457' title='bbox 1435 2340 1613 2373; x_wconf 85' lang='lat' dir='ltr'>constantia</span> <span class='ocrx_word' id='word_1_458' title='bbox 1630 2346 1660 2373; x_wconf 88' lang='lat' dir='ltr'>et</span> <span class='ocrx_word' id='word_1_459' title='bbox 1679 2339 1862 2373; x_wconf 82' lang='lat' dir='ltr'>sinceritate</span> <span class='ocrx_word' id='word_1_460' title='bbox 1877 2339 2008 2380; x_wconf 83' lang='lat' dir='ltr'>mentis,</span> 
     </span>
    </p>
   </div>
   <div class='ocr_carea' id='block_1_11' title="bbox 1253 2397 2009 2716">
    <p class='ocr_par' dir='ltr' id='par_1_18' title="bbox 1253 2397 2009 2716">
     <span class='ocr_line' id='line_1_95' title="bbox 1292 2397 2007 2433; baseline -0.001 -8"><span class='ocrx_word' id='word_1_461' title='bbox 1292 2400 1299 2425; x_wconf 84' lang='lat' dir='ltr'>t</span> <span class='ocrx_word' id='word_1_462' title='bbox 1322 2399 1377 2425; x_wconf 88' lang='lat' dir='ltr'>Hoc</span> <span class='ocrx_word' id='word_1_463' title='bbox 1393 2398 1507 2425; x_wconf 75' lang='lat' dir='ltr'>officium</span> <span class='ocrx_word' id='word_1_464' title='bbox 1528 2402 1568 2425; x_wconf 80' lang='lat' dir='ltr'>est</span> <span class='ocrx_word' id='word_1_465' title='bbox 1582 2397 1812 2433; x_wconf 81' lang='lat' dir='ltr'>antiquissimum,</span> <span class='ocrx_word' id='word_1_466' title='bbox 1832 2401 1857 2424; x_wconf 84' lang='lat' dir='ltr'>et</span> <span class='ocrx_word' id='word_1_467' title='bbox 1875 2397 1965 2433; x_wconf 83' lang='lat' dir='ltr'>plures</span> <span class='ocrx_word' id='word_1_468' title='bbox 1983 2398 2007 2425; x_wconf 88' lang='lat' dir='ltr'>ei</span> 
     </span>
     <span class='ocr_line' id='line_1_96' title="bbox 1254 2438 2009 2471; baseline 0.001 -7"><span class='ocrx_word' id='word_1_469' title='bbox 1254 2439 1536 2471; x_wconf 61' lang='lat' dir='ltr'>t‘ontiticesJauxerunt</span> <span class='ocrx_word' id='word_1_470' title='bbox 1549 2438 1754 2469; x_wconf 82' lang='lat' dir='ltr'>iurisdictiones,</span> <span class='ocrx_word' id='word_1_471' title='bbox 1764 2442 1792 2464; x_wconf 84' lang='lat' dir='ltr'>ut</span> <span class='ocrx_word' id='word_1_472' title='bbox 1805 2438 1894 2464; x_wconf 80' lang='lat' dir='ltr'>notavi</span> <span class='ocrx_word' id='word_1_473' title='bbox 1907 2439 1930 2464; x_wconf 90' lang='lat' dir='ltr'>in</span> <span class='ocrx_word' id='word_1_474' title='bbox 1943 2446 2009 2465; x_wconf 88' lang='lat' dir='ltr'>con-</span> 
     </span>
     <span class='ocr_line' id='line_1_97' title="bbox 1253 2477 2006 2510; baseline -0.001 -5"><span class='ocrx_word' id='word_1_475' title='bbox 1253 2480 1391 2505; x_wconf 80' lang='lat' dir='ltr'>stitutione</span> <span class='ocrx_word' id='word_1_476' title='bbox 1413 2486 1439 2505; x_wconf 78' lang='lat' dir='ltr'>tx</span> <span class='ocrx_word' id='word_1_477' title='bbox 1466 2479 1609 2505; x_wconf 78' lang='lat' dir='ltr'>iunocentii</span> <span class='ocrx_word' id='word_1_478' title='bbox 1627 2477 1685 2504; x_wconf 77' lang='lat' dir='ltr'>Vttl</span> <span class='ocrx_word' id='word_1_479' title='bbox 1698 2498 1706 2508; x_wconf 84' lang='lat'><em>‚</em></span> <span class='ocrx_word' id='word_1_480' title='bbox 1726 2479 1871 2510; x_wconf 67' lang='lat' dir='ltr'>Apprime.</span> <span class='ocrx_word' id='word_1_481' title='bbox 1895 2482 1959 2504; x_wconf 89' lang='lat' dir='ltr'>tom.</span> <span class='ocrx_word' id='word_1_482' title='bbox 1977 2486 2006 2510; x_wconf 85' lang='lat' dir='ltr'>v,</span> 
     </span>
     <span class='ocr_line' id='line_1_98' title="bbox 1255 2518 2006 2554; baseline 0.001 -10"><span class='ocrx_word' id='word_1_483' title='bbox 1255 2528 1313 2554; x_wconf 64' lang='lat' dir='ltr'>pag.</span> <span class='ocrx_word' id='word_1_484' title='bbox 1326 2521 1387 2546; x_wconf 67' lang='lat'><strong>520.</strong></span> <span class='ocrx_word' id='word_1_485' title='bbox 1406 2520 1560 2546; x_wconf 75' lang='lat' dir='ltr'>Extinctum</span> <span class='ocrx_word' id='word_1_486' title='bbox 1579 2519 1664 2545; x_wconf 81' lang='lat' dir='ltr'>suerat</span> <span class='ocrx_word' id='word_1_487' title='bbox 1679 2526 1693 2545; x_wconf 82' lang='lat' dir='ltr'>a</span> <span class='ocrx_word' id='word_1_488' title='bbox 1710 2518 1790 2546; x_wconf 85' lang='lat' dir='ltr'>Paulo</span> <span class='ocrx_word' id='word_1_489' title='bbox 1809 2519 1842 2545; x_wconf 80' lang='lat' dir='ltr'>{V</span> <span class='ocrx_word' id='word_1_490' title='bbox 1858 2522 1885 2545; x_wconf 83' lang='lat' dir='ltr'>et</span> <span class='ocrx_word' id='word_1_491' title='bbox 1908 2527 2006 2554; x_wconf 83' lang='lat' dir='ltr'>regen-</span> 
     </span>
     <span class='ocr_line' id='line_1_99' title="bbox 1256 2559 2008 2592; baseline 0.001 -7"><span class='ocrx_word' id='word_1_492' title='bbox 1256 2561 1318 2586; x_wconf 75' lang='lat' dir='ltr'>tatui</span> <span class='ocrx_word' id='word_1_493' title='bbox 1337 2560 1363 2588; x_wconf 84' lang='lat' dir='ltr'>S.</span> <span class='ocrx_word' id='word_1_494' title='bbox 1382 2560 1414 2588; x_wconf 81' lang='lat' dir='ltr'>R.</span> <span class='ocrx_word' id='word_1_495' title='bbox 1435 2559 1466 2586; x_wconf 89' lang='lat' dir='ltr'>E.</span> <span class='ocrx_word' id='word_1_496' title='bbox 1488 2560 1621 2592; x_wconf 76' lang='lat' dir='ltr'>Gamerae,</span> <span class='ocrx_word' id='word_1_497' title='bbox 1639 2567 1691 2586; x_wconf 84' lang='lat' dir='ltr'>ase</span> <span class='ocrx_word' id='word_1_498' title='bbox 1702 2560 1807 2586; x_wconf 78' lang='lat' dir='ltr'>noviter</span> <span class='ocrx_word' id='word_1_499' title='bbox 1826 2563 1927 2592; x_wconf 85' lang='lat' dir='ltr'>erecto,</span> <span class='ocrx_word' id='word_1_500' title='bbox 1948 2560 2008 2586; x_wconf 86' lang='lat' dir='ltr'>uni-</span> 
     </span>
     <span class='ocr_line' id='line_1_100' title="bbox 1256 2600 2008 2635; baseline 0.001 -10"><span class='ocrx_word' id='word_1_501' title='bbox 1256 2605 1325 2633; x_wconf 82' lang='lat' dir='ltr'>tum;</span> <span class='ocrx_word' id='word_1_502' title='bbox 1347 2602 1379 2627; x_wconf 86' lang='lat' dir='ltr'>ab</span> <span class='ocrx_word' id='word_1_503' title='bbox 1400 2601 1449 2628; x_wconf 83' lang='lat' dir='ltr'>hoc</span> <span class='ocrx_word' id='word_1_504' title='bbox 1464 2605 1553 2627; x_wconf 85' lang='lat' dir='ltr'>autem</span> <span class='ocrx_word' id='word_1_505' title='bbox 1572 2600 1698 2628; x_wconf 85' lang='lat' dir='ltr'>Pontitice</span> <span class='ocrx_word' id='word_1_506' title='bbox 1715 2600 1739 2626; x_wconf 89' lang='lat' dir='ltr'>in</span> <span class='ocrx_word' id='word_1_507' title='bbox 1762 2600 1902 2635; x_wconf 85' lang='lat' dir='ltr'>pristinum</span> <span class='ocrx_word' id='word_1_508' title='bbox 1930 2600 2008 2628; x_wconf 83' lang='lat' dir='ltr'>resti-</span> 
     </span>
     <span class='ocr_line' id='line_1_101' title="bbox 1256 2640 2006 2676; baseline 0 -10"><span class='ocrx_word' id='word_1_509' title='bbox 1256 2644 1352 2673; x_wconf 75' lang='lat' dir='ltr'>tutum,</span> <span class='ocrx_word' id='word_1_510' title='bbox 1372 2646 1400 2667; x_wconf 88' lang='lat' dir='ltr'>ut</span> <span class='ocrx_word' id='word_1_511' title='bbox 1417 2643 1441 2668; x_wconf 86' lang='lat' dir='ltr'>in</span> <span class='ocrx_word' id='word_1_512' title='bbox 1461 2641 1650 2668; x_wconf 82' lang='lat' dir='ltr'>constitutione</span> <span class='ocrx_word' id='word_1_513' title='bbox 1669 2648 1758 2667; x_wconf 72' lang='lat' dir='ltr'>xxxtx</span> <span class='ocrx_word' id='word_1_514' title='bbox 1772 2661 1779 2673; x_wconf 86' lang='lat'>,</span> <span class='ocrx_word' id='word_1_515' title='bbox 1800 2649 1859 2676; x_wconf 74' lang='lat' dir='ltr'>pag.</span> <span class='ocrx_word' id='word_1_516' title='bbox 1890 2641 1938 2668; x_wconf 76' lang='lat'>125</span> <span class='ocrx_word' id='word_1_517' title='bbox 1963 2640 2006 2666; x_wconf 90' lang='lat' dir='ltr'>vi-</span> 
     </span>
     <span class='ocr_line' id='line_1_102' title="bbox 1256 2681 1527 2716; baseline -0.007 -8"><span class='ocrx_word' id='word_1_518' title='bbox 1256 2681 1319 2708; x_wconf 83' lang='lat' dir='ltr'>dere</span> <span class='ocrx_word' id='word_1_519' title='bbox 1336 2685 1375 2708; x_wconf 83' lang='lat' dir='ltr'>est</span> <span class='ocrx_word' id='word_1_520' title='bbox 1394 2682 1527 2716; x_wconf 80' lang='lat' dir='ltr'>superius.</span> 
     </span>
    </p>
   </div>
   <div class='ocr_carea' id='block_1_12' title="bbox 2006 257 2235 306">
    <p class='ocr_par' dir='ltr' id='par_1_19' title="bbox 2006 257 2235 306">
     <span class='ocr_line' id='line_1_103' title="bbox 2006 257 2235 306; baseline 0 -1"><span class='ocrx_word' id='word_1_521' title='bbox 2006 278 2057 305; x_wconf 71' lang='lat' dir='ltr'>An.</span> <span class='ocrx_word' id='word_1_522' title='bbox 2073 278 2185 306; x_wconf 65' lang='lat'><strong>01561</strong></span> <span class='ocrx_word' id='word_1_523' title='bbox 2230 257 2235 270; x_wconf 52' lang='lat'>&#39;⁴</span> 
     </span>
    </p>
   </div>
   <div class='ocr_carea' id='block_1_13' title="bbox 2009 887 2194 972">
    <p class='ocr_par' dir='ltr' id='par_1_20' title="bbox 2009 887 2194 972">
     <span class='ocr_line' id='line_1_104' title="bbox 2071 887 2191 908; baseline -0.008 0"><span class='ocrx_word' id='word_1_524' title='bbox 2071 887 2191 908; x_wconf 75' lang='lat' dir='ltr'>nectaraiio</span> 
     </span>
     <span class='ocr_line' id='line_1_105' title="bbox 2010 919 2194 946; baseline -0.011 -6"><span class='ocrx_word' id='word_1_525' title='bbox 2010 919 2064 946; x_wconf 84' lang='lat' dir='ltr'>quod</span> <span class='ocrx_word' id='word_1_526' title='bbox 2088 924 2113 940; x_wconf 74' lang='lat' dir='ltr'>ex</span> <span class='ocrx_word' id='word_1_527' title='bbox 2132 919 2194 939; x_wconf 79' lang='lat' dir='ltr'>dictis</span> 
     </span>
     <span class='ocr_line' id='line_1_106' title="bbox 2009 950 2194 972; baseline 0.005 -2"><span class='ocrx_word' id='word_1_528' title='bbox 2009 950 2112 971; x_wconf 69' lang='lat' dir='ltr'>metibus</span> <span class='ocrx_word' id='word_1_529' title='bbox 2128 956 2194 972; x_wconf 79' lang='lat' dir='ltr'>onera</span> 
     </span>
    </p>
   </div>
   <div class='ocr_carea' id='block_1_14' title="bbox 2226 304 2237 329">
    <p class='ocr_par' dir='ltr' id='par_1_21' title="bbox 2226 304 2237 329">
     <span class='ocr_line' id='line_1_107' title="bbox 2230 304 2237 317; baseline 0 0"><span class='ocrx_word' id='word_1_530' title='bbox 2230 304 2237 317; x_wconf 68' lang='lat' dir='ltr'><strong>d</strong></span> 
     </span>
     <span class='ocr_line' id='line_1_108' title="bbox 2226 321 2237 329; baseline 0.091 -1"><span class='ocrx_word' id='word_1_531' title='bbox 2226 321 2237 329; x_wconf 69' lang='grc' dir='ltr'>,ι</span> 
     </span>
    </p>
   </div>
   <div class='ocr_carea' id='block_1_15' title="bbox 2010 981 2237 1009">
    <p class='ocr_par' dir='ltr' id='par_1_22' title="bbox 2010 981 2237 1009">
     <span class='ocr_line' id='line_1_109' title="bbox 2010 981 2237 1009; baseline 0.004 -8"><span class='ocrx_word' id='word_1_532' title='bbox 2010 981 2080 1002; x_wconf 72' lang='lat' dir='ltr'>benef.</span> <span class='ocrx_word' id='word_1_533' title='bbox 2103 987 2194 1009; x_wconf 63' lang='lat' dir='ltr'>suppos·-</span> <span class='ocrx_word' id='word_1_534' title='bbox 2235 984 2237 987; x_wconf 89' lang='grc'><strong>“</strong></span> 
     </span>
    </p>
   </div>
   <div class='ocr_carea' id='block_1_16' title="bbox 2010 1015 2088 1033">
    <p class='ocr_par' dir='ltr' id='par_1_23' title="bbox 2010 1015 2088 1033">
     <span class='ocr_line' id='line_1_110' title="bbox 2010 1015 2088 1033; baseline -0.013 0"><span class='ocrx_word' id='word_1_535' title='bbox 2010 1015 2088 1033; x_wconf 78' lang='lat' dir='ltr'>lentur.</span> 
     </span>
    </p>
   </div>
   <div class='ocr_carea' id='block_1_17' title="bbox 2012 1179 2196 1233">
    <p class='ocr_par' dir='ltr' id='par_1_24' title="bbox 2012 1179 2196 1233">
     <span class='ocr_line' id='line_1_111' title="bbox 2049 1179 2196 1208; baseline -0.014 -6"><span class='ocrx_word' id='word_1_536' title='bbox 2049 1179 2196 1208; x_wconf 78' lang='lat' dir='ltr'>Exemplorum</span> 
     </span>
     <span class='ocr_line' id='line_1_112' title="bbox 2012 1212 2071 1233; baseline -0.017 0"><span class='ocrx_word' id='word_1_537' title='bbox 2012 1212 2071 1233; x_wconf 80' lang='lat' dir='ltr'>tides.</span> 
     </span>
    </p>
   </div>
   <div class='ocr_carea' id='block_1_18' title="bbox 2033 2318 2165 2340">
    <p class='ocr_par' dir='ltr' id='par_1_25' title="bbox 2033 2318 2165 2340">
     <span class='ocr_line' id='line_1_113' title="bbox 2033 2318 2165 2340; baseline -0.008 -1"><span class='ocrx_word' id='word_1_538' title='bbox 2033 2318 2165 2340; x_wconf 72' lang='lat' dir='ltr'>Prooemium.</span> 
     </span>
    </p>
   </div>
  </div>
 </body>
</html>
