2237 3100
50 278 101 306 An.
120 280 150 305 Cr
170 279 230 305 ¹571

84 1130 223 1151 Executorum

40 1162 155 1190 deputatio.

925 279 992 302 Pll'S
1017 281 1034 303 V
1059 281 1105 304 ΓΡ.

249 330 458 371 lidissimum,
489 330 583 363 etiam
608 331 668 363 sul)
695 331 767 363 data
796 342 852 374 per
875 332 1004 365 eosdem

249 385 437 427 magistrum
450 386 646 427 generalem,
661 385 874 428 provinciales
885 391 915 418 et
926 386 1005 419 alios

247 448 344 481 supra
356 438 538 471 nominatos
548 439 742 481 eligendam,
757 449 938 479 concessas,
953 450 1003 472 re-

246 491 372 524 stitutas
391 497 422 524 et
445 491 590 536 plenarie
615 491 826 534 reintegratas
855 493 999 525 existere.

245 545 284 577 Et
303 544 347 577 sic
363 555 421 587 per
439 555 665 588 quoscumque
696 544 820 578 iudices
853 550 883 578 et
913 557 1002 578 com-

245 597 424 638 missarios,
462 597 573 642 quavis
602 598 792 631 auctoritate
821 598 1002 641 fungentes,

244 651 340 684 etiam
362 662 533 684 causarum
554 650 666 683 Palatii
687 651 861 694 Apostolici
879 652 1003 685 andito-

244 714 295 738 rcs
311 715 348 738 ac
366 705 398 738 S.
422 705 458 737 R.
477 705 511 736 E.
536 704 728 744 cardinales,
753 705 877 737 sublata
905 705 950 738 eis
971 712 1001 739 et

243 769 356 791 eorum
375 758 507 791 cuilibet
532 757 642 801 quavis
663 758 756 790 aliter
781 758 946 792 iudicandi
972 765 1001 792 et

243 811 476 855 interpretandi
496 811 647 844 facultate
665 816 695 844 et
711 812 901 845 anctoritate
914 839 921 852 ,
950 813 1000 845 iu-

242 865 344 898 dicari
373 870 404 898 et
432 864 561 898 definiri
592 864 723 903 debere3
750 875 787 898 ac
815 865 944 898 irritum
970 872 998 899 ct

241 918 337 951 inane
347 918 503 961 quicquid
518 928 611 951 secus
621 917 779 961 superbis
795 929 811 950 a
822 929 999 962 quoquam,

241 971 353 1014 quavis
372 971 575 1011 auctoritate,
588 970 728 1004 scienter
742 971 790 1004 vel
801 971 998 1014 ignoranter,

240 1025 412 1068 contigerit
432 1025 594 1058 attentari.

283 1080 297 1124 ἓ
317 1080 349 1114 5.
372 1081 531 1120 Quocirca
543 1080 669 1114 dilectis
684 1080 758 1113 filiis
774 1081 892 1115 lacobo
913 1081 997 1115 tituli

238 1134 269 1168 S.
293 1134 409 1167 Mariae
430 1134 461 1166 in
475 1134 647 1168 Cosmediu
679 1134 868 1178 presbytero
892 1135 997 1168 cardi-

236 1187 303 1221 nali
319 1188 358 1221 de
370 1187 505 1221 Sabellis
521 1193 722 1230 nuncupato,
741 1195 852 1221 nostro
866 1189 897 1221 in
913 1190 998 1222 alma

237 1241 321 1275 Urbe
330 1242 463 1283 vicario,
486 1247 517 1275 et
536 1241 650 1275 Curiae
665 1252 838 1274 causarum
855 1242 998 1277 Camerte

235 1294 439 1337 Apostolicae
467 1294 611 1337 generali
641 1294 793 1334 auditori,
817 1301 846 1328 et
862 1294 996 1329 Cancel-

236 1347 336 1380 lariae
360 1347 566 1391 Apostolicae
595 1347 732 1390 regenti,
760 1358 848 1381 nunc
874 1354 905 1381 et
938 1360 996 1392 pro

235 1405 381 1444 tempore
393 1401 614 1441 existentibus,
633 1411 692 1444 per
701 1406 887 1444 praesentes,
907 1409 996 1435 motu

236 1455 345 1496 simili,
367 1455 560 1488 mandamus
585 1460 745 1498 quatenus
769 1455 830 1499 ipsi
853 1455 902 1488 vel
931 1456 996 1489 duo

235 1514 291 1542 aut
319 1520 406 1542 unus
434 1520 561 1550 eorum,
589 1519 648 1553 per
678 1520 711 1542 se
739 1510 787 1542 vel
812 1509 910 1542 alium
939 1521 995 1543 seu

233 1563 326 1604 alios,
348 1568 534 1607 praesentes
553 1563 676 1596 litteras
689 1563 762 1596 etin
784 1563 829 1596 eis
845 1570 996 1598 contenta

233 1628 474 1661 quaecumque,
497 1617 552 1650 ubi
574 1622 605 1650 et
625 1617 756 1660 quando
778 1627 860 1660 opus
880 1617 992 1659 suerit,

233 1681 271 1704 ac
290 1671 419 1714 quoties
444 1681 504 1714 pro
520 1676 611 1714 parte
640 1670 783 1714 magistri
813 1671 992 1713 generalis,

232 1729 499 1768 procuratorum,
521 1724 771 1768 provincialium
802 1729 832 1757 et
856 1725 994 1757 aliorum

233 1777 475 1821 praedictorum
496 1788 553 1811 seu
576 1777 716 1810 alicuius
737 1788 852 1810 eorum
876 1779 993 1812 suerint

235 1831 396 1874 requisiti,
422 1831 612 1864 solemniter
642 1831 858 1874 publicantes,
886 1831 995 1875 eisque

234 1885 268 1918 in
281 1885 466 1929 praemissis
477 1885 819 1918 efficacisdesensionis
834 1886 994 1929 praesidio

237 1938 433 1979 assistentes,
452 1938 569 1972 saciant
590 1939 781 1972 auctoritate
802 1945 910 1972 nostra
923 1939 996 1973 illos

238 1994 269 2021 et
294 1999 409 2022 eorum
433 1989 578 2032 singulos
598 1988 737 2029 indulto,
766 1989 992 2029 concessione,

235 2038 410 2078 voluntate,
426 2043 554 2078 statuto,
569 2038 784 2079 ordinatione,
804 2038 954 2071 mandato
966 2044 996 2071 et

236 2087 367 2120 decreto
388 2087 506 2120 nostris
526 2087 726 2128 huiusmodi,
752 2087 839 2120 iuxta
862 2098 993 2120 eorum-

235 2135 307 2169 dem
326 2136 715 2180 praesentiumtenorem,
729 2136 864 2180 pacifice
879 2138 942 2170 frui
965 2146 993 2170 et

235 2186 388 2228 gaudere.
417 2186 487 2220 Non
519 2186 744 2230 permittentes
774 2197 829 2220 eos
855 2187 995 2231 desuper

234 2246 294 2281 per
309 2247 535 2281 quoscumque
567 2237 815 2280 quomodolibet
853 2237 994 2271 indebite

235 2285 410 2326 molestari,
422 2286 675 2320 contradictores
689 2287 829 2330 quoslib.
847 2292 875 2320 et
888 2287 994 2320 rebel-

235 2334 282 2367 les
294 2345 353 2378 per
368 2335 555 2376 sententias,
580 2346 734 2369 censuras
755 2341 785 2368 et
801 2346 923 2380 poenas
940 2346 992 2369 ec-

234 2382 428 2417 clesiasticas
444 2394 481 2416 ac
502 2384 564 2417 alia
578 2384 659 2417 iuris
674 2384 830 2425 remedia,
849 2386 992 2428 appella-

235 2432 518 2476 tionepostposita,
533 2433 781 2476 compescendo,
795 2444 832 2466 ac
842 2432 994 2475 legitimis

234 2491 334 2525 super
360 2481 410 2514 his
436 2481 594 2514 habendis
615 2482 746 2515 servatis
766 2482 970 2525 processibus
983 2509 990 2523 ‚

234 2529 426 2570 sententiaS,
449 2540 603 2563 censuras
622 2536 652 2563 et
672 2541 793 2574 poenas
813 2530 993 2575 praedictas

234 2578 330 2611 etiam
343 2578 465 2611 iteratis
477 2578 600 2612 vicibus
615 2580 829 2622 aggravando,
847 2580 992 2613 invocato

234 2627 330 2661 etiam
345 2628 385 2661 ad
405 2628 483 2668 hoc,
501 2628 526 2660 si
548 2639 629 2672 opus
649 2628 758 2669 suerit,
779 2628 900 2662 auxilio
921 2628 993 2661 bra-

232 2676 296 2711 chii
316 2677 507 2712 saecularis.

1698 275 1761 309 907

1092 334 1154 375 ξῧ.
1179 334 1247 367 Non
1264 334 1468 367 obstantibus
1485 335 1588 368 felicis
1606 338 1808 371 recordatio-

1048 387 1095 419 nis
1112 387 1267 420 Bonifaeii
1289 388 1346 420 PP.
1374 389 1451 428 Vlll,
1473 389 1733 431 praedecessoris
1749 403 1807 425 no-

1047 440 1115 479 stri,
1131 441 1169 473 de
1183 451 1258 480 una,
1274 447 1302 473 et
1317 442 1455 474 concilio
1468 443 1610 484 generali
1623 443 1662 476 de
1681 444 1807 478 duabus

1046 493 1170 533 diaetis,
1199 494 1377 527 dummodo
1401 496 1474 538 quis
1503 496 1695 530 auctoritate
1712 509 1806 541 prae—

1046 547 1184 579 sentium
1201 548 1286 580 ultra
1298 552 1363 581 tres
1375 548 1496 581 diaetas
1509 549 1547 581 ad
1566 549 1723 584 iudicium
1741 562 1806 585 non

1046 601 1204 640 trahatur,
1227 601 1363 645 aliisque
1384 602 1551 646 quibusvis
1567 604 1805 638 constitutioni-

1044 653 1104 685 bus
1124 660 1153 687 et
1174 655 1435 688 ordinationibus
1455 657 1654 700 apostolicis,
1676 668 1806 692 necnon

1045 706 1075 738 in
1093 707 1347 750 provincialibus
1368 715 1397 742 et
1422 710 1630 754 synodalibus
1657 712 1806 746 conciliis

1044 760 1149 799 editis,
1169 762 1375 803 generalibus
1391 763 1438 795 vel
1459 764 1665 806 specialibus,
1684 766 1804 799 consti-

1044 813 1223 847 tutionibus
1243 820 1271 847 et
1289 815 1562 857 ordinationibus,
1583 828 1619 850 ac
1636 818 1731 851 etiam
1753 819 1804 851 iu-

1042 873 1202 908 ramento,
1220 868 1468 902 confirmatione
1484 870 1661 913 apostolica
1672 872 1804 915 velqua-

1043 919 1087 952 vis
1115 920 1266 954 firmitate
1302 922 1365 954 alia
1398 923 1578 963 roboratis,
1608 925 1733 957 statutis
1773 932 1804 959 et

1042 974 1344 1015 consuetudinibus;
1374 975 1548 1019 privilegiis
1568 988 1719 1021 quoque,
1755 979 1803 1012 in-

1041 1031 1139 1064 dultis
1160 1038 1189 1065 et
1209 1033 1324 1066 litteris
1344 1034 1543 1078 apostolicis,
1571 1036 1666 1068 etiam
1697 1037 1801 1072 dictae

1041 1086 1131 1119 Sedis
1151 1088 1189 1120 de
1214 1088 1314 1121 latere
1335 1088 1459 1130 legatis,
1483 1090 1622 1130 nunciis,
1652 1091 1800 1126 locorum

1041 1141 1213 1174 ordinariis
1221 1146 1248 1174 et
1259 1141 1331 1174 aliis
1342 1141 1670 1187 quibusvispersonis‚
1681 1145 1712 1177 in
1722 1156 1802 1189 prse-

1040 1195 1197 1228 iudicium
1210 1195 1476 1239 praemissorum,
1493 1208 1551 1240 per
1574 1208 1801 1243 quoscumque

1039 1248 1201 1282 Romanos
1235 1249 1407 1281 Pontifices
1424 1276 1430 1290 ,
1473 1250 1568 1283 etiarn
1608 1252 1799 1295 praedeces-

1040 1312 1129 1335 sores
1151 1307 1276 1335 nostros
1297 1313 1331 1335 ac
1348 1313 1407 1335 nos
1424 1308 1454 1335 et
1469 1302 1584 1336 Sedem
1605 1305 1799 1348 praefatam,

1039 1361 1104 1388 tam
1125 1356 1184 1389 sul)
1200 1356 1335 1400 plumbo
1351 1366 1447 1399 quam
1466 1356 1497 1388 in
1514 1356 1617 1390 forma
1638 1358 1753 1399 brevis,
1770 1365 1801 1392 et

1040 1411 1134 1442 etiam
1165 1415 1254 1442 motu
1273 1415 1303 1442 et
1321 1409 1455 1442 scientia
1475 1409 1646 1451 similibus,
1669 1422 1800 1446 conces-

1039 1463 1092 1503 sis,
1106 1463 1293 1507 approbatis
1314 1468 1344 1496 et
1369 1463 1542 1503 innovatis:
1556 1464 1675 1507 quibus
1695 1466 1800 1499 omni-

1037 1517 1098 1549 bus
1111 1543 1118 1557 ,
1151 1517 1247 1549 etiam
1283 1516 1306 1549 si
1344 1516 1383 1549 de
1415 1516 1479 1549 illis
1514 1527 1696 1561 eorumque
1724 1519 1799 1552 totis

1038 1570 1206 1603 tenoribus
1218 1569 1380 1614 specialis,
1399 1569 1552 1613 specifica
1565 1597 1572 1610 ,
1597 1581 1748 1615 expressa
1768 1578 1800 1606 et

1040 1624 1214 1663 individua,
1235 1634 1300 1657 non
1321 1629 1429 1656 autem
1446 1634 1505 1667 per
1524 1624 1686 1657 clausulas
1700 1636 1798 1668 gene-

1038 1679 1121 1711 rales
1141 1677 1225 1711 idem
1246 1678 1469 1721 importantes,
1487 1677 1608 1710 mentio
1625 1688 1681 1711 seu
1701 1689 1799 1721 quae-

1037 1731 1082 1764 vis
1102 1731 1164 1763 alia
1180 1731 1343 1774 expressio
1363 1730 1513 1763 habenda
1529 1736 1584 1763 aut
1604 1731 1712 1775 aliqua
1736 1733 1798 1765 alia

1038 1784 1195 1829 exquisita
1214 1786 1318 1817 forma
1338 1785 1378 1817 ad
1398 1784 1460 1817 hoc
1474 1784 1628 1818 servanda
1649 1785 1798 1825 foret‚te-

1038 1849 1133 1871 nores
1154 1838 1354 1878 huiusmodi,
1377 1849 1413 1871 ac
1434 1837 1459 1870 si
1489 1837 1528 1871 de
1552 1838 1650 1871 verbo
1671 1839 1709 1871 ad
1729 1850 1798 1872 vcr-

1037 1893 1128 1932 bum,
1148 1888 1228 1924 nihil
1245 1891 1375 1935 penitus
1391 1890 1520 1931 omisso,
1533 1892 1678 1924 ctforma
1690 1891 1797 1925 inillis

1037 1945 1154 1979 tradita
1174 1945 1351 1985 observata,
1376 1944 1487 1978 inserti
1507 1945 1622 1985 forent,
1643 1955 1796 1988 praesen-

1037 2001 1123 2034 tibus
1143 2012 1201 2045 pro
1223 2000 1382 2044 expressis
1401 1999 1566 2039 habentes,
1587 1998 1650 2031 illis
1669 1998 1747 2032 alias
1762 1999 1795 2032 in

1038 2066 1096 2089 suo
1116 2055 1234 2088 robore
1264 2053 1500 2098 permansuris,
1528 2053 1589 2086 liae
1607 2052 1676 2086 vice
1699 2053 1794 2085 dum-

1037 2116 1132 2151 taxat,
1155 2110 1338 2155 specialiter
1358 2115 1389 2143 et
1411 2120 1559 2153 expresse
1582 2109 1792 2152 derogamus,

1037 2165 1492 2209 contrariisqmbuscumque3
1506 2169 1561 2197 aut
1576 2163 1601 2196 si
1617 2163 1793 2207 aliquibus,

1037 2220 1257 2254 communiter
1275 2219 1324 2252 vel
1345 2218 1482 2258 divisim,
1500 2218 1539 2250 ab
1559 2217 1744 2261 Apostolica
1756 2218 1795 2251 sit

1037 2274 1117 2308 Sede
1138 2274 1300 2306 indultum
1329 2272 1416 2316 quod
1446 2270 1610 2312 interdici,
1641 2271 1794 2316 suspendi

1035 2329 1083 2361 vel
1094 2327 1369 2361 excommunicari
1386 2337 1450 2359 non
1461 2325 1582 2370 possint
1599 2335 1658 2369 per
1672 2325 1795 2358 litteras

1036 2386 1228 2431 apostolicas
1238 2395 1303 2418 non
1312 2384 1465 2418 facientes
1477 2384 1605 2427 plenam
1621 2389 1652 2417 et
1667 2394 1795 2428 expres-

1036 2455 1102 2477 sam
1122 2455 1160 2477 ac
1185 2444 1224 2477 de
1240 2443 1337 2476 verbo
1368 2442 1407 2475 ad
1438 2442 1571 2475 verbum
1601 2441 1640 2474 de
1668 2441 1794 2475 indulto

1035 2501 1223 2535 huiusmodi
1244 2501 1454 2534 mentionem.

1079 2560 1093 2602 ἓ
1110 2559 1140 2592 7.
1167 2559 1325 2592 Volumus
1345 2562 1452 2591 autem
1473 2557 1561 2601 quod
1582 2557 1793 2601 transumptis

1035 2617 1253 2661 praesentium
1269 2621 1326 2650 etc.

1078 2675 1193 2709 Datum
1214 2675 1335 2709 Romae
1354 2674 1441 2719 apud
1461 2674 1613 2709 Sanctum
1644 2674 1787 2715 Petrum,

1824 288 1860 312 Λιι
1890 289 1917 312 (ἶΔ
1941 289 2000 316 t.·›71

1836 347 1947 372 Deruentio
1957 356 2005 369 conr

1822 380 1943 399 Pranmurn.

1860 2558 1920 2579 Fides
1936 2562 1991 2579 tran·

1807 2593 1945 2618 sumptui-um.
