2237 3100
78 266 126 293 An.
145 266 173 294 C.
195 266 262 295 ¹566

88 1124 156 1149 neges
172 1128 193 1145 et
204 1126 259 1151 prin·

74 1157 132 1183 cipe!
175 1156 260 1177 faveant

74 1188 161 1208 eisdem.

99 1553 206 1574 Carent-iti
223 1558 260 1579 pro

72 1584 260 1610 utiiscausis‚sidc

75 1616 159 1637 haeresi
188 1616 261 1643 inqut-

73 1650 159 1672 rantur,
190 1650 258 1667 trans-

74 1679 184 1699 mittantur
193 1679 218 1698 ad
229 1679 259 1699 iu-

74 1709 197 1736 quisitor-01.

963 270 1030 294 PIUS
1051 271 1068 293 V
1087 270 1135 294 Pr.

276 320 462 364 gistratibus
483 327 514 354 et
533 321 724 355 officialibus
744 332 781 355 ac
802 322 941 356 cuiusvis
956 333 1032 356 con-

276 373 406 407 ditionis
427 379 457 407 et
476 379 576 408 status
593 374 793 415 hominibus,
828 375 861 408 in
881 376 1031 409 omnibus

277 427 568 470 etsingulisterris,
592 428 719 472 oppidis
739 434 768 462 et
786 429 965 462 civitatibus
994 440 1031 463 ac

276 480 309 513 in
329 485 394 513 tota
414 481 582 524 republica
609 481 783 514 christiana
809 481 1027 523 existentibus,

276 533 337 566 sub
356 534 701 568 excommunicationis
721 535 803 568 latae
832 535 1007 568 sententiae
1021 563 1028 576 ,

275 597 313 620 ac
342 587 572 631 indignationis
601 589 685 622 Suae
706 588 890 622 Sanctitatis
910 595 941 622 et
960 589 1030 622 aliis

228 652 246 672 ·.
276 639 409 674 arbitrio
429 640 513 674 Suae
533 641 716 674 Sanctitatis
736 646 767 674 et
794 641 1029 675 illustrissimo-

277 703 348 727 rum
384 699 414 726 et
448 694 791 728 reverendissimorum
821 695 1029 728 dominorum

276 745 489 780 cardinalium
511 746 741 791 inquisitorum
756 747 957 790 generalium
972 747 1031 780 im-

274 799 433 843 ponendis
453 805 484 833 et
503 800 699 843 exequendis
710 800 835 844 poenis,
858 805 894 833 ut
909 800 1029 834 eisdem

275 852 492 886 cardinalibus
528 853 793 897 inquisitoribus,
837 864 874 886 ac
916 864 1029 886 eorum

274 906 455 951 praeceptis
479 912 510 940 et
526 906 696 948 mandatis,
720 907 752 939 in
769 906 1030 950 quibuscumque

273 960 418 993 officium
444 965 573 993 sanctae
592 960 813 1004 Inquisitionis
833 970 1031 993 concernen—

274 1013 371 1054 tibus,
402 1019 535 1057 pareant
554 1019 585 1047 et
609 1013 772 1048 obediant.

318 1068 333 1111 ᾗ
353 1068 384 1101 2.
407 1068 508 1111 Reges
527 1078 613 1109 vero,
636 1068 744 1107 duces,
767 1067 912 1107 comites,
933 1067 1029 1101 baro-

274 1131 331 1154 nes
355 1126 386 1155 et
405 1121 533 1166 quosvis
553 1121 633 1155 alios
653 1121 818 1165 principes
847 1121 1030 1154 saeculares

274 1175 307 1208 in
327 1174 381 1208 Dei
401 1175 534 1208 nomine
562 1175 684 1217 rogavit
717 1179 752 1208 ut
776 1174 897 1208 eisdem
925 1175 1029 1208 cardi-

274 1227 402 1261 nalibus
424 1227 670 1271 inquisitoribus
706 1237 888 1270 eorumque
909 1227 1030 1261 officia-

274 1281 359 1314 libus
379 1281 515 1321 faveant,
550 1280 774 1324 auxiliumque
804 1280 981 1324 praebeant
1001 1286 1031 1314 et

274 1345 292 1368 a
324 1333 390 1367 suis
426 1334 665 1377 magistratibus
698 1333 835 1367 subditis
874 1334 1030 1367 auxilium

274 1387 423 1433 praeberi
440 1387 558 1420 saciant
578 1387 609 1420 in
630 1387 767 1430 negotiis
787 1387 826 1421 ad
842 1387 964 1421 dictum
986 1387 1031 1421 os-

275 1441 385 1475 ficium
407 1441 636 1486 spectantibus.

319 1494 334 1538 ἓ
357 1494 389 1528 3.
416 1495 549 1529 Necnon
577 1501 759 1529 carceratos
788 1505 1027 1538 quoscunnpic,

275 1558 335 1592 pro
367 1547 533 1592 quibusvis
566 1548 692 1582 delictis
725 1554 756 1582 et
774 1548 901 1589 debitis,
933 1549 1028 1582 etiam

275 1602 452 1643 atrocibus,
472 1603 557 1646 apud
579 1602 700 1636 dictum
720 1602 940 1646 inquisitionis
959 1602 1030 1635 offi-

274 1655 361 1689 cium
385 1656 630 1699 quomodolibet
645 1656 767 1690 delatos
784 1656 831 1688 vel
852 1656 1029 1689 denuncia-

273 1715 334 1750 tos,
356 1719 511 1753 suspensa
540 1710 678 1743 aliorum
701 1709 874 1743 criminum
897 1709 1028 1742 inferio-

271 1772 345 1796 rum
367 1763 563 1806 cognitione,
587 1763 626 1796 ad
646 1763 775 1797 eosdem
801 1762 980 1796 cardinales
1000 1768 1027 1795 et

271 1815 489 1858 Inquisitionis
509 1826 667 1855 carcercS,
699 1815 884 1858 ibidemque
905 1816 944 1848 ad
965 1815 1027 1848 cri-

272 1868 369 1901 minis
400 1869 543 1902 haeresis
574 1869 714 1903 totaliter
748 1869 963 1912 cognitionem
999 1874 1029 1901 et

272 1921 507 1964 expeditionem
520 1922 714 1962 retinendos,
735 1928 765 1955 et
781 1928 891 1966 postea
902 1922 941 1954 ad
957 1932 1027 1955 eos-

272 1974 345 2007 dem
365 1974 530 2015 officiales,
545 1986 605 2019 pro
626 1975 765 2008 alioruin
787 1975 961 2009 criminum
978 1985 1028 2008 ex-

272 2026 447 2071 peditione,
483 2028 705 2069 remittendos,
728 2028 795 2062 sine
812 2038 902 2062 mora
924 2034 1026 2062 trans-

272 2080 410 2115 mittant.

273 2299 363 2339 Quod
382 2299 534 2340 beneficia
551 2303 665 2331 curata.
682 2299 715 2331 in
741 2299 829 2331 alma
849 2299 928 2332 Urbe
942 2301 1025 2332 cius-

316 2362 372 2395 (μισ
392 2352 563 2391 districtu,
587 2353 720 2394 praevio
749 2353 900 2385 ‹Jxmnine
924 2354 1028 2386 curdi-

316 2405 403 2438 nalis
421 2405 540 2438 vicarii
571 2405 715 2438 Romani
740 2405 924 2448 Pontificis,
955 2417 1028 2440 con-

316 2459 478 2500 scrantur.

390 2529 452 2558 Pius
471 2530 542 2565 Papa
561 2529 590 2563 V,
607 2531 684 2558 motu
703 2530 825 2566 proprio,
846 2531 900 2559 etc.

316 2592 331 2635 ἓ
351 2593 381 2625 Ἰ.
405 2591 577 2635 Cupientes
588 2598 624 2625 ut
639 2592 796 2625 beneficia
812 2592 1026 2627 ecclesiastica

272 2655 383 2679 curam
417 2645 599 2679 animarum
625 2645 787 2687 habentia,
828 2646 965 2680 maxime
994 2647 1026 2680 in

1719 261 1783 294 423
1842 272 1890 297 An.
1910 271 1937 297 c.
1960 272 2027 299 ¹566

1072 324 1132 356 hac
1153 323 1236 356 alma
1253 323 1337 356 Urbe
1354 328 1474 363 nostra,
1497 332 1579 365 quac
1600 322 1696 355 totius
1712 323 1825 355 mundi
1882 335 1908 356 ut
1923 336 2027 357 immanes..

1073 382 1167 419 caput
1189 376 1304 417 existit,
1328 381 1357 409 et
1373 388 1390 409 a
1410 386 1473 420 qua
1497 382 1621 408 ceterae
1642 376 1825 419 exemplum
1841 367 2027 418 fsss},¹⁰‚›⁵,‡‘¹1⁵v¹,'„‚„‘¹2}

1073 439 1188 473 capere
1214 429 1342 469 debent,
1366 428 1512 473 personis
1535 428 1639 471 dignis
1659 433 1689 460 ct
1708 427 1825 460 habili-
1841 429 2028 484 fijsslssffif‘fss'ssfgss

1072 482 1143 521 bus,
1166 482 1297 524 quaein
1318 482 1389 515 loco
1410 481 1563 521 residere,
1585 491 1623 513 ac
1644 491 1754 513 curam
1769 491 1826 523 per
1841 491 1873 510 nis
1900 474 2027 510 'bonuau-

1072 535 1201 579 seipsos
1221 546 1369 569 exercere
1393 536 1530 576 valeant,
1552 534 1639 567 iuxta
1658 544 1825 567 sacrorum
1842 524 1883 545 ‘¹¹¹³

1072 599 1232 622 canonum
1254 589 1395 631 decreta,
1417 599 1454 622 ac
1475 588 1662 621 examinatis
1682 593 1713 621 et
1733 587 1771 620 ad
1790 598 1826 620 ea

1073 641 1245 675 obtinenda
1274 642 1397 676 idoneis
1421 648 1451 675 ct
1479 641 1640 674 habilibus
1675 651 1732 684 per
1753 651 1825 674 exa-

1072 695 1247 728 minatores
1276 696 1315 728 ad
1334 696 1377 735 id,
1395 696 1482 729 iuxta
1494 694 1664 729 novissime
1684 704 1826 729 oecume-

1072 747 1136 780 nici
1147 748 1281 781 Coneilii
1293 748 1469 782 Tridentini
1486 749 1627 789 decreta,
1645 749 1827 794 deputatos,

1072 802 1208 845 repertis
1228 807 1258 835 et
1283 803 1480 847 approbatis,
1504 803 1722 837 conserantur.

1083 885 1086 888 Δ
1116 855 1130 897 ἓ
1154 854 1186 888 02.
1233 855 1358 888 Tenere
1392 856 1611 899 praesentium
1654 856 1827 890 statuimus
1896 872 1971 892 Statuit
1995 872 2028 893 inc

1072 913 1168 951 atque
1188 908 1395 941 decernimus
1411 910 1510 952 quod,
1528 915 1720 943 occurrente
1735 921 1827 944 vaca-
1841 902 1955 960 ξξξζξξῇἷρ,
1973 905 2027 960 ᾟζζξῗ

1072 961 1170 1002 tione,
1185 967 1249 994 tam
1271 973 1329 1006 per
1349 962 1473 995 obitum
1490 973 1585 1005 quam
1606 973 1665 1007 per
1679 963 1825 1006 resigna·
1840 964 1878 984 *⁷¹¹³
1923 965 2028 985 beneficia

1841 999 1913 1016 curata
1950 995 2026 1016 route-

1073 1015 1192 1048 tionem
1231 1021 1283 1048 aut
1315 1016 1392 1049 alias
1425 1010 1680 1059 quomodolibet,
1703 1018 1825 1051 bencfi-
1841 1028 1983 1061 ¹9¹¹¹¹³.⁵¹¹¹¹¹.›
2001 1026 2026 1046 ab

1073 1068 1198 1101 ciorum
1219 1069 1513 1102 ecclesiasticorum
1535 1080 1659 1112 curam,
1682 1062 1986 1115 titp1‘ae-2'Ji1ffinvdffiif‘
2005 1062 2027 1108 {i

1072 1121 1186 1162 fertur,
1215 1122 1398 1155 animarum
1424 1123 1624 1163 habentium,
1657 1124 1690 1157 in
1715 1118 1999 1158 eatleiii”F¹'¹‘⁰¹¹⁰¹¹¹¹¹‘'

1072 1175 1156 1208 Urbe
1181 1180 1290 1209 nostra
1323 1176 1457 1220 eiusque
1483 1177 1649 1218 districtu,
1678 1178 1759 1210 nulli
1788 1179 1828 1212 de

1073 1228 1192 1262 eisdem
1214 1229 1433 1271 provideatur,
1456 1235 1511 1262 aut
1531 1230 1584 1263 illa
1605 1231 1824 1271 conserantur,

1073 1287 1125 1314 aut
1142 1281 1181 1314 ad
1192 1292 1229 1314 ea
1244 1281 1465 1322 instituantur,
1485 1282 1657 1326 eligantur,
1679 1288 1731 1316 aut
1751 1283 1828 1317 alias

1072 1334 1184 1378 quovis
1204 1335 1300 1367 modo
1323 1335 1514 1379 disponatur
1524 1335 1563 1368 de
1575 1335 1631 1376 eis,
1654 1347 1713 1380 per
1732 1347 1828 1380 quos-

1071 1387 1116 1420 vis
1149 1387 1329 1420 ordinarios
1360 1388 1540 1428 collatores,
1575 1388 1669 1421 etiam
1700 1394 1828 1422 sanctae

1072 1441 1234 1474 Romanae
1264 1441 1426 1474 Ecclesiae
1456 1441 1647 1482 cardinales,
1669 1442 1708 1475 ad
1732 1453 1825 1485 quos,

1072 1494 1167 1527 etiam
1189 1495 1312 1528 ratione
1328 1495 1496 1527 titulorum
1514 1505 1661 1535 suorum,
1684 1496 1825 1537 collatio,

1072 1548 1229 1581 institutio
1249 1553 1304 1580 aut
1331 1548 1462 1590 quaevis
1481 1548 1544 1581 alia
1568 1548 1734 1592 dispositio
1755 1560 1827 1593 spe-

1072 1607 1133 1634 ctat
1156 1608 1184 1635 et
1201 1602 1350 1645 pertinet,
1375 1601 1435 1634 nisi
1451 1602 1489 1642 is,
1512 1602 1564 1635 cui
1586 1602 1738 1646 provisio,
1758 1604 1825 1637 col-

1071 1655 1158 1695 latio,
1182 1655 1353 1695 institutio,
1379 1655 1494 1688 electio
1509 1660 1565 1688 aut
1581 1655 1744 1699 quaelibet
1764 1657 1826 1689 alia

1071 1708 1236 1752 dispositio
1258 1708 1290 1740 in
1311 1718 1483 1752 personam
1499 1708 1586 1741 illius
1607 1708 1753 1742 facienda
1773 1709 1824 1749 sit,

1071 1772 1129 1806 per
1144 1762 1298 1795 dilectum
1319 1762 1423 1795 filium
1443 1767 1590 1795 nostrum
1601 1762 1767 1804 Iacobum,
1786 1763 1826 1796 ti-

1071 1815 1129 1848 tuli
1150 1810 1284 1848 S'anctae
1304 1815 1420 1848 Mariae
1441 1815 1474 1848 in
1503 1815 1673 1848 Cosmedin
1694 1816 1826 1860 presby-

1070 1874 1175 1902 terum
1197 1869 1413 1909 cardinalem,
1441 1869 1479 1901 de
1501 1869 1635 1902 Sabellis
1655 1880 1826 1914 nuncupa-

1069 1927 1150 1963 tum,
1169 1927 1316 1965 nostrum
1329 1922 1361 1954 in
1382 1922 1465 1955 dicta
1485 1923 1568 1955 alma
1590 1922 1674 1956 Urbe
1692 1923 1827 1967 eiusque

1069 1975 1218 2009 districtu
1228 1975 1384 2009 vicarium
1400 1977 1597 2019 generalem,
1618 1977 1747 2020 praevio
1756 1987 1827 2010 exa-

1069 2029 1168 2069 mine,
1191 2039 1249 2073 per
1265 2028 1499 2062 examinatores
1515 2029 1554 2061 ad
1571 2029 1632 2062 hoc
1657 2030 1826 2073 deputatos

1068 2082 1204 2115 idoneus
1225 2087 1255 2115 et
1274 2081 1392 2115 habilis
1412 2087 1559 2125 repertus
1580 2088 1611 2115 et
1628 2083 1826 2126 approbatus

1068 2135 1175 2168 fuerit.

1113 2190 1127 2232 g
1147 2188 1178 2222 3.
1201 2189 1414 2229 Provisiones,
1436 2189 1636 2230 collationes,
1654 2188 1826 2224 institutio-
1852 2212 2024 2240 C„1„fi⁰„„q„„

1068 2253 1124 2276 nes
1149 2248 1179 2275 et.
1208 2243 1334 2285 quasvis
1367 2243 1445 2276 alias
1479 2243 1704 2287 dispositiones
1733 2243 1910 2296 aliterssffiffie
1927 2243 2024 2296 :msfcffle

1068 2296 1166 2329 factas
1186 2296 1352 2340 quibusvis
1378 2296 1537 2340 personis,
1570 2296 1688 2338 nullas,
1711 2297 1824 2330 invali-
1887 2288 1890 2294 ¹
1927 2290 1930 2294 Δ
1972 2291 1976 2294 ’

1069 2350 1135 2391 das,
1167 2349 1354 2393 nulliusque
1382 2349 1510 2383 roboris
1528 2350 1576 2383 vel
1597 2350 1766 2387 momenti.
1789 2362 1825 2384 ac

1068 2404 1196 2437 nullum
1217 2404 1359 2444 titulum,
1383 2403 1477 2436 etiam
1499 2403 1693 2444 coloratum,
1720 2404 1824 2448 possi-

1069 2452 1163 2485 dendi
1181 2452 1224 2485 eis
1245 2452 1405 2492 tribucre,
1428 2452 1482 2485 sed
1504 2451 1661 2485 beneficia
1681 2453 1824 2496 praefata

1068 2501 1187 2542 adhuc,
1210 2507 1246 2535 ut
1265 2502 1460 2545 praefertur,
1483 2511 1608 2541 vacare,
1632 2506 1664 2534 et
1682 2512 1741 2546 per
1765 2512 1823 2535 nos

1067 2551 1115 2583 vel
1131 2550 1222 2591 alios,
1245 2551 1283 2583 ad
1299 2561 1380 2594 quos
1396 2550 1527 2583 illorum
1540 2550 1670 2584 collatio
1690 2556 1823 2594 spectat,

1068 2599 1214 2642 personis
1234 2599 1338 2642 dignis
1359 2605 1387 2632 et
1418 2599 1580 2632 habilibus
1608 2599 1761 2639 conferri,
1793 2605 1823 2632 et

1068 2648 1106 2681 de
1128 2648 1173 2681 cis
1188 2648 1315 2693 disponi
1325 2659 1430 2691 posse.
1453 2648 1523 2682 Non
1534 2648 1735 2682 obstantibus
1747 2658 1820 2692 pro-
