2237 3100
41 262 97 310 ΙΑῐι.
112 261 142 289 C.
161 260 229 290 ¹56⁷

68 640 114 663 Dati
130 646 226 669 exequu-

42 680 109 698 mres.

91 2470 223 2493 obstantium

43 2502 156 2529 derogatio.

923 262 991 286 PIUS
1013 261 1033 285 V
1057 261 1104 286 PP.

1687 253 1751 287 549

244 313 395 347 facultate
425 319 456 347 et
484 314 690 354 auctoritate,
713 314 835 358 ubique
863 314 998 348 iudicari
1042 314 1199 347 iudicium
1220 318 1383 354 evocetur3
1401 324 1457 347 seu
1478 324 1518 348 ne
1535 314 1658 348 iudices
1678 326 1696 348 a
1716 315 1797 349 Sede

243 371 274 400 et
285 367 417 401 diffiniri
426 368 557 409 dehere;
575 378 703 402 necnon
714 368 841 401 irritum
854 374 885 401 et
904 368 998 401 inane

241 420 268 453 si
288 431 380 454 secus
400 431 499 465 super
514 421 564 455 his
584 432 643 466 per
661 432 900 466 quoscumque,
921 432 999 465 qua-

239 473 286 506 vis
322 474 529 516 auctoritate,
559 475 697 509 scienter
724 476 773 509 vel
799 475 996 518 ignoranter,

243 526 414 570 contigerit
434 529 597 562 attentari.

284 581 347 624 §4
381 581 540 621 Quocirca
566 582 741 616 venerabili
770 582 861 616 fratri
888 587 997 615 nostro

240 634 394 679 episcopo
410 635 615 676 Rossanensi,
634 646 670 669 ac
691 636 807 669 dilecto
828 635 895 668 filio
913 636 999 668 Mau-

240 687 315 721 ritio
339 688 529 732 Macgirum,
548 689 655 722 abbati
676 689 863 722 monasterii
883 689 997 722 Beatae

239 741 356 775 Mariae
376 743 415 776 de
435 743 530 787 Majo,
552 742 770 776 Cistcrciensis
790 742 929 784 Ordinis,
946 742 997 776 Li-

239 794 416 828 miticensis
442 796 611 837 dioecesis,
647 807 684 829 ac
713 796 914 830 thesaurario
944 807 996 829 cc-

239 848 356 882 clesiae
375 848 647 893 Carthaginensis,
659 860 718 893 per
733 850 907 894 apostolica
923 849 998 883 scri-

239 907 292 946 pta
312 903 504 937 mandamus
521 909 681 948 quatenus
700 904 760 948 ipsi
783 905 831 937 vel
862 905 927 937 duo
943 910 998 938 aut

239 966 324 989 unus
344 967 471 998 eorum,
495 968 553 1001 per
576 968 608 991 se
631 958 680 991 vel
701 958 800 991 alium
826 969 883 992 seu
903 958 994 998 alios,

240 1015 425 1054 praesentes
445 1011 555 1044 literas
575 1011 653 1044 etin
671 1011 716 1045 eis
741 1017 894 1045 contenta
909 1022 997 1055 quae—

239 1074 392 1108 cumque,
416 1064 472 1098 ubi
502 1070 533 1098 et
556 1066 686 1109 quando
713 1076 796 1109 opus
824 1066 932 1106 suerit,
960 1076 997 1099 ac

238 1118 365 1161 quoties
397 1129 458 1163 pro
495 1123 585 1163 parte
612 1119 760 1163 priorum
794 1124 825 1152 et
861 1119 996 1153 fratrum

240 1172 481 1216 praedictorum
511 1183 568 1206 seu
598 1172 735 1206 alicuius
756 1183 870 1206 eorum
899 1174 996 1207 desu-

240 1237 299 1270 per
327 1227 446 1260 fuerint
478 1226 644 1270 requisiti,
675 1227 863 1260 solemniter
888 1228 995 1271 publi-

240 1285 360 1321 cantes,
383 1280 494 1324 eisque
512 1286 543 1314 et
562 1290 675 1314 eorum
697 1280 831 1325 singulis
851 1280 884 1313 in
911 1291 996 1324 prze-

239 1333 344 1367 missis
368 1333 508 1367 efficacis
537 1333 733 1367 defensionis
763 1334 923 1378 praesidio
950 1345 997 1367 as-

239 1386 398 1429 sistentes,
426 1387 545 1421 faciant
571 1388 761 1422 auctoritate
781 1394 890 1421 nostra
915 1399 997 1432 prte-

240 1440 337 1474 missa
357 1441 465 1474 omnia
481 1447 512 1474 et
526 1441 651 1485 singula
667 1442 804 1475 firmiter
819 1442 994 1483 ohservare

239 1493 390 1539 ipsosque
416 1495 540 1539 priores
573 1500 604 1529 et
634 1496 747 1529 fratres
773 1496 997 1540 praesentibus

239 1547 351 1590 literis,
374 1559 500 1582 necnon
517 1549 701 1592 privilegiis,
724 1549 994 1593 exemptionibus,

239 1602 368 1645 gratiis,
397 1603 656 1636 immunitatibus
681 1603 815 1647 aliisque
845 1603 997 1637 omnibus

239 1661 271 1689 et
299 1655 435 1699 singulis
467 1657 660 1701 supradictis
698 1663 855 1701 perpetuo
882 1669 919 1691 ac
940 1669 996 1701 pa—

240 1709 330 1743 cifice
356 1711 418 1744 frui
444 1716 474 1744 et
501 1712 654 1755 gaudere:
686 1723 751 1745 non
776 1712 997 1756 permittentes

239 1774 353 1797 eorum
380 1765 567 1809 quempiam
602 1776 661 1810 per
683 1772 837 1807 rectores,
870 1766 998 1800 ordina-

240 1817 316 1858 rios,
353 1818 548 1862 superiores,
577 1820 737 1863 praelatos
762 1826 792 1852 et
819 1830 997 1862 quoscum-

239 1881 303 1914 que
323 1871 464 1915 desuper
492 1872 736 1916 quomodolibet
763 1873 905 1906 indebite
926 1883 997 1906 mo-

240 1924 359 1957 lestari.
372 1924 631 1959 Contradictores
640 1926 801 1969 quoslibet
818 1932 849 1959 et
862 1927 998 1960 rebelles

242 1988 300 2021 per
335 1989 491 2012 censuras
522 1986 553 2013 et
589 1990 708 2023 poenas
747 1980 995 2020 ecclesiasticas,

241 2042 278 2064 ac
298 2032 394 2065 etiam
410 2033 630 2077 pecuniarias,
648 2044 763 2067 eorum
780 2034 914 2067 arbitrio
927 2045 996 2067 mo-

241 2085 418 2125 derandas,
457 2087 584 2130 aliaque
618 2093 803 2132 opportuna
836 2088 994 2129 remedia,

241 2140 457 2183 appellatione
478 2142 665 2185 postposita,
682 2142 931 2186 compescendo,
954 2143 997 2175 le-

240 2192 424 2237 gitimisque
458 2205 556 2237 super
593 2195 643 2228 liis
676 2195 832 2228 habendis
866 2196 997 2229 servatis

241 2242 467 2285 processibus,
505 2254 669 2277 censuras·
693 2244 778 2287 ipsas
818 2250 847 2277 et
876 2255 997 2287 poenas

240 2296 421 2339 praedictas
454 2297 551 2330 etiam
585 2297 706 2331 iteratis
735 2298 858 2331 vicibus
882 2309 996 2342 aggra-

240 2350 355 2391 vando,
374 2349 519 2384 invocato
535 2356 594 2384 etc.

284 2404 299 2447 ἓ
320 2404 351 2437 5.
373 2404 444 2438 Non
464 2404 666 2438 obstantibus
681 2405 782 2439 felicis
797 2406 996 2440 recordatio-

239 2456 289 2490 nis
314 2458 469 2491 Bonifacii
498 2459 602 2502 Papae
632 2459 707 2500 Vlll,
740 2460 996 2503 praedecessoris

240 2507 360 2548 nostri,
398 2508 493 2541 etiam
519 2508 574 2540 illa
607 2519 670 2551 qua
699 2514 830 2541 cavetur
858 2520 899 2542 ne
925 2510 997 2553 quis

241 2560 328 2589 extra
352 2567 443 2590 suam
473 2556 632 2590 civitatem
652 2558 700 2590 vel
721 2557 913 2597 dioecesim,
936 2558 996 2592 nisi

241 2603 274 2637 in
293 2606 389 2639 certis
405 2607 546 2650 exceptis
566 2606 706 2646 casibus,
728 2612 759 2640 ct
774 2607 805 2639 in
822 2607 895 2647 illis,
912 2607 996 2640 ultra

240 2663 338 2687 unam
363 2654 500 2690 diaetam
522 2666 539 2689 a
565 2656 628 2690 sine
658 2667 734 2690 suae
764 2655 932 2697 dioecesis,
956 2656 996 2690 ad

1042 367 1205 411 praedicta
1247 368 1392 412 deputati
1430 374 1517 402 extra
1556 368 1715 402 civitatem
1748 370 1797 403 vel

1041 421 1227 463 dioecesim,
1241 422 1274 456 in
1285 422 1404 466 quibus
1415 422 1559 466 deputati
1576 422 1706 464 fuerint,
1720 434 1799 457 con-

1041 480 1089 508 tra
1117 486 1343 520 quoscumque
1372 476 1569 520 procedant,
1601 481 1655 509 aut
1675 476 1728 509 alii
1748 477 1797 510 vel

1041 528 1110 560 aliis
1126 529 1209 562 vices
1226 540 1299 563 suas
1314 529 1516 563 committere
1533 535 1753 574 praesumant;
1767 535 1794 563 et

1041 581 1072 614 in
1085 582 1223 616 concilio
1238 582 1379 626 generali
1392 582 1476 616 edita
1486 583 1525 616 de
1536 583 1662 616 duabus
1672 582 1795 622 diaetis,

1040 636 1217 669 dummodo
1236 638 1319 670 ultra
1330 641 1394 670 tres
1409 637 1529 670 diaetas
1553 636 1668 680 aliquis
1684 641 1795 670 aucto-

1041 689 1132 723 ritate
1153 691 1371 733 praesentium
1397 690 1436 724 ad
1466 690 1623 724 iudicium
1649 701 1713 724 non
1735 697 1796 724 tra-

1040 743 1148 783 liatur;
1175 744 1311 787 aliisque
1345 744 1532 788 apostolicis
1558 755 1596 777 ac
1616 744 1648 777 in
1668 745 1796 788 provin-

1039 795 1176 829 cialibus
1215 802 1246 829 et
1283 797 1490 841 synodalibus
1524 797 1670 831 conciliis
1704 798 1796 831 editis

1039 850 1244 892 generalibus
1272 852 1319 883 vel
1361 851 1555 895 specialibus
1594 852 1795 885 constitutio-

1039 903 1134 937 nibus
1159 909 1189 937 et
1223 904 1494 945 ordinationibus;
1527 916 1654 939 necnon
1682 906 1795 939 domo-

1040 968 1112 990 rum
1143 963 1173 990 et
1201 957 1328 991 Ordinis
1347 959 1587 1002 praedictorum
1614 959 1796 993 iuramento

1039 1015 1095 1043 etc.
1104 1037 1111 1051 ,
1127 1012 1253 1045 statutis
1265 1017 1295 1045 et
1307 1012 1610 1052 consuetudinilms3
1623 1012 1798 1056 privilegiis

1039 1074 1183 1107 quoque,
1202 1065 1337 1098 indultis
1357 1070 1388 1098 et
1407 1065 1508 1098 literis
1524 1065 1720 1109 apostolicis,
1734 1065 1797 1099 illis

1038 1128 1075 1150 ac
1095 1118 1191 1150 etiam
1211 1118 1384 1162 praedictis
1399 1118 1592 1159 rectoribus,
1611 1119 1794 1161 ordinariis,

1039 1171 1275 1215 superioribus,
1298 1171 1449 1216 praelatis
1472 1183 1509 1205 ac
1525 1172 1689 1215 quibusvis
1712 1173 1793 1208 aliis.

1039 1225 1098 1258 sub
1126 1225 1389 1269 quibuscumque
1418 1226 1584 1259 tenoribus
1616 1231 1647 1259 et
1670 1226 1794 1267 formis,

1038 1290 1075 1311 ac
1096 1289 1171 1311 cum
1197 1279 1376 1323 quibusvis,
1399 1279 1495 1313 etiam
1516 1279 1794 1323 derogatoriarum

1038 1332 1262 1375 derogatoriis,
1285 1333 1455 1374 clausulis,
1476 1333 1741 1377 irritantihusque
1766 1339 1797 1367 et

1038 1387 1109 1420 aliis
1119 1387 1266 1427 decretis
1277 1388 1373 1420 etiam
1382 1392 1472 1420 motu
1483 1387 1615 1431 proprio
1626 1393 1702 1421 etex
1710 1393 1794 1421 certa

1039 1440 1184 1481 scientia,
1203 1452 1240 1474 ac
1259 1440 1337 1474 alias
1356 1441 1602 1484 quomodolibet
1622 1441 1794 1481 concessis,

1039 1494 1237 1527 confirmatis
1256 1499 1287 1527 et
1306 1494 1478 1535 innovatis3
1492 1494 1610 1537 quibus
1630 1495 1794 1535 omnibus,

1039 1548 1134 1580 etiam
1171 1548 1233 1581 vim
1268 1553 1299 1581 et
1333 1548 1484 1581 effectum
1514 1548 1792 1592 impedientibus,

1039 1601 1183 1642 etiamsi,
1212 1612 1271 1646 pro
1297 1602 1430 1634 illorum
1456 1601 1628 1634 sufficienti
1658 1602 1794 1646 deroga-

1039 1654 1137 1696 tione,
1165 1655 1204 1689 de
1230 1655 1305 1699 ipsis
1325 1666 1506 1699 eorumque
1535 1655 1608 1688 totis
1628 1656 1795 1689 tenoribus

1040 1709 1198 1752 specialis,
1224 1709 1388 1752 specifica,
1417 1719 1567 1753 expressa
1582 1714 1612 1742 ct
1632 1708 1795 1742 individua

1039 1772 1075 1795 ac
1096 1763 1134 1795 de
1154 1762 1251 1796 verbo
1272 1763 1310 1795 ad
1331 1762 1478 1803 verbum,
1508 1773 1573 1795 non
1601 1768 1710 1796 autem
1737 1773 1796 1807 per

1040 1817 1202 1849 clausulas
1242 1816 1410 1860 generales
1450 1815 1533 1849 idem
1563 1816 1794 1860 imponantes,

1041 1871 1162 1903 mentio
1174 1881 1231 1904 scu
1246 1870 1377 1914 quaevis
1392 1870 1454 1902 alia
1469 1869 1632 1913 expressio
1648 1870 1796 1903 habenda

1039 1930 1095 1957 aut
1114 1924 1223 1967 aliqua
1249 1924 1311 1957 alia
1340 1923 1498 1966 exquisita
1532 1924 1635 1956 forma
1663 1923 1702 1956 ad
1734 1924 1796 1956 hoc

1040 1977 1194 2010 servanda
1219 1978 1311 2018 soret,
1334 1982 1462 2010 tenores
1481 1976 1681 2017 huiusmodi,
1712 1987 1750 2010 ae
1770 1976 1794 2009 si

1039 2031 1078 2064 de
1103 2031 1200 2064 verbo
1226 2031 1265 2064 ad
1286 2031 1419 2064 verbum
1440 2030 1672 2070 insererentur,
1701 2040 1794 2074 prae-

1040 2085 1183 2118 sentibus
1200 2096 1259 2129 pro
1280 2084 1478 2118 sufficienter
1497 2084 1654 2128 expressis
1676 2084 1797 2117 haben-

1040 2145 1098 2179 tes,
1121 2139 1183 2172 illis
1203 2139 1281 2172 alias
1301 2139 1333 2172 in
1354 2137 1794 2182 suoroborepermansuris,

1039 2193 1099 2226 hac
1120 2193 1185 2226 vice
1206 2194 1383 2233 dumtaxat,
1405 2192 1588 2236 specialiter
1603 2197 1633 2225 et
1648 2202 1796 2236 expresse

1039 2247 1244 2289 derogamus,
1268 2246 1438 2280 contrariis
1450 2246 1728 2290 quibuscumque3
1741 2251 1797 2279 aut

1039 2299 1063 2332 si
1089 2301 1270 2334 rectoribus
1284 2328 1291 2342 ,
1315 2299 1499 2340 ordinariis,
1522 2299 1674 2343 praelatis
1694 2303 1725 2332 et
1744 2309 1796 2332 su-

1040 2353 1222 2396 perioribus
1243 2354 1415 2398 praedictis
1441 2354 1490 2386 vel
1517 2352 1682 2396 quibusvis
1710 2352 1792 2394 aliis,

1039 2407 1256 2441 communiter
1284 2408 1331 2441 vel
1357 2406 1491 2447 divisim,
1517 2418 1534 2439 a
1555 2406 1639 2439 dicta
1654 2406 1694 2439 sit
1713 2406 1794 2439 Sede

1039 2460 1200 2493 indultum
1239 2462 1326 2505 quod
1364 2460 1533 2500 interdici,
1560 2459 1713 2504 suspendi
1746 2460 1793 2492 vel

1039 2510 1314 2544 excommunicari
1327 2521 1392 2543 non
1402 2510 1525 2553 possint
1535 2520 1593 2553 per
1602 2509 1710 2542 literas
1718 2507 1794 2553 ap⁶o-

1039 2560 1167 2593 stolicas
1193 2570 1259 2593 non
1280 2559 1433 2593 facientes
1453 2559 1583 2603 plenam
1608 2563 1639 2591 et
1664 2569 1793 2602 expres-

1039 2618 1105 2640 sam
1136 2619 1173 2641 ac
1200 2608 1239 2642 de
1261 2609 1357 2641 verbo
1382 2608 1423 2640 ad
1450 2607 1583 2641 verbum
1604 2608 1643 2641 de
1669 2606 1794 2640 indulto

1039 2657 1226 2691 huiusmodi
1252 2656 1461 2691 mentionem.

1812 261 1863 289 An.
1881 262 1909 290 C.
1929 262 1995 290 ¹56⁷
