2237 3100
248 258 296 285 An.
315 257 344 284 C.
365 256 433 284 ¹569

247 321 296 340 nica
310 325 322 339 a
346 318 432 339 basilica

248 350 357 372 Liber-iana
367 352 434 371 trans-

248 382 305 404 tulit.

288 1385 337 1406 Pius
353 1385 436 1412 utrique

252 1417 356 1438 ecclesi-ie
393 1420 437 1436 sta-

251 1450 332 1469 tionum
368 1446 438 1467 indul-

253 1481 335 1505 gentias
357 1483 437 1500 conce-

253 1511 291 1536 dir,

491 247 556 283 744

446 310 486 344 ad
503 309 695 344 Navicellam
715 311 951 350 nuncupatam,
980 302 1190 336 celebriorem

447 364 581 398 reddere
599 364 718 402 volens,
738 366 768 393 et
788 365 822 392 ut
841 369 878 391 eo
897 356 1049 390 libentius
1069 355 1192 389 christi-

448 418 557 452 fideles
580 417 619 449 ad
652 425 721 448 eam
753 412 940 446 visitandam
972 409 1190 448 confluerent,

447 482 510 516 quo
531 469 653 503 maiora
673 465 852 511 spiritualia
872 474 1007 497 munera
1029 463 1141 496 exinde
1168 461 1191 495 si

447 523 580 567 adipisci
601 532 693 566 posse
710 524 952 563 cognoscerent,
973 526 1194 561 quascumque

447 577 619 610 stationum
640 572 854 616 indulgentias
874 576 904 605 et
923 575 1130 615 peccatorum
1147 580 1195 602 re-

447 630 626 668 missiones,
643 638 726 672 quae
735 624 1026 671 qualibetsecunda
1036 622 1196 657 dominica

447 683 618 717 cuiuslibet
633 680 898 726 quadragesimae
919 690 936 712 a
951 677 1102 711 Romanis
1116 677 1196 709 Pon-

447 737 588 770 tificibus
608 733 912 779 praedecessoribus
931 732 1047 765 nostris
1069 730 1196 764 christi-

448 790 596 823 tidelibus
615 788 780 822 basilicam
810 787 841 821 S.
868 786 984 820 Mariae
1008 784 1135 818 Maioris
1159 783 1197 816 de

447 844 530 877 dicta
551 843 634 876 Urbe
645 841 845 875 visitantibus
861 849 1030 874 concessae
1042 843 1141 877 erant,
1158 837 1198 869 ad

447 897 593 931 eamdem
618 895 787 930 ecclesiam
799 895 830 928 S.
846 894 961 927 Mariae
974 893 1006 926 in
1019 890 1196 932 Dominica,

447 950 623 994 apostolica
637 948 827 982 auctoritate
839 946 1050 986 transtulerit,
1065 945 1199 987 illasque

447 1004 525 1048 ipsis
545 1002 808 1037 christifidelibus
828 1000 998 1035 ecclesiam
1028 999 1059 1032 S.
1083 998 1199 1031 Mariae

449 1058 480 1091 in
500 1057 666 1091 Dominica
686 1055 881 1095 huiusmodi,
900 1054 930 1087 in
956 1053 1039 1086 dicta
1059 1051 1200 1086 secunda

448 1111 611 1145 dominica
630 1110 905 1154 quadragesimae,
922 1107 1133 1145 visitantibus,
1151 1116 1202 1138 ea-

449 1166 520 1199 dem
546 1165 735 1199 auctoritate
756 1162 966 1202 concesserit,
989 1165 1085 1205 prout
1104 1160 1136 1192 in
1157 1159 1201 1203 ip-

450 1220 515 1253 sius
528 1219 642 1252 Leonis
655 1216 911 1262 praedecessoris
931 1214 1043 1248 litteris
1063 1214 1202 1257 desuper

451 1273 616 1307 consectis.

495 1327 510 1370 ξ
529 1326 562 1359 ⁶2.
584 1325 659 1365 Nos,
681 1325 802 1358 bonum
823 1320 1120 1356 etcliristifidelium
1137 1319 1202 1353 ani-

452 1380 565 1413 mabus
586 1379 724 1413 salutare
745 1387 812 1410 csse
826 1404 834 1419 ,
866 1376 1027 1418 simulque
1047 1375 1086 1407 ad
1107 1373 1202 1407 divini

453 1435 559 1467 cultus
578 1434 734 1466 honorem
756 1431 933 1475 plurimum
949 1429 1081 1462 tendere
1101 1427 1203 1461 cxisti-

453 1493 576 1521 mantes
596 1498 636 1520 ne
656 1486 724 1531 ipsa
743 1484 874 1517 basilica
890 1484 920 1517 S.
940 1482 1054 1516 Mariae
1064 1481 1201 1520 Maioris,

453 1553 536 1586 quae
561 1540 691 1584 quidem
727 1538 831 1572 divina
860 1536 1068 1576 revelatione,
1094 1541 1128 1569 ut
1152 1534 1204 1579 pia

454 1595 587 1629 historia
607 1593 745 1637 legitur,
773 1596 879 1625 erecta
899 1590 976 1631 fuit,
1007 1595 1037 1623 et
1056 1589 1205 1634 plurimis

454 1654 640 1683 sanctorum
656 1645 802 1690 reliquiis
814 1645 929 1678 referta
949 1643 1122 1686 reperitur,
1141 1642 1205 1675 suis

455 1702 555 1735 solitis
569 1701 749 1734 honoribus
764 1705 795 1733 ct
808 1698 1041 1731 visitationibus
1056 1696 1205 1729 destituta

456 1761 632 1795 remaneat·,
654 1765 764 1788 verum
784 1753 966 1797 cupientes,
982 1762 1040 1795 pro
1054 1750 1204 1794 pastorali

456 1815 566 1843 nostro
587 1808 711 1847 officio,
747 1812 917 1850 utramque
937 1811 967 1838 et
986 1804 1150 1838 basilicam
1171 1804 1202 1837 S.

456 1863 572 1896 Mariae
592 1861 718 1895 Maioris
742 1866 773 1893 et
792 1860 959 1894 ecclesiam
985 1859 1118 1892 Sanctae
1142 1858 1206 1891 Ma—

459 1917 525 1950 riae
546 1916 577 1948 in
607 1913 776 1948 Dominica
805 1912 1011 1952 huiusmodi,
1040 1912 1123 1944 dicta
1156 1923 1205 1945 se—

460 1970 564 2003 cunda
585 1969 747 2002 dominica
771 1966 1033 2011 quadragesimae
1047 1992 1054 2006 ,
1086 1966 1125 1998 ab
1145 1966 1205 1999 eis-

459 2023 532 2057 dem
553 2021 813 2056 christifidelibus
833 2021 952 2064 pariter
971 2019 1090 2052 visitari
1105 2025 1136 2053 et.
1155 2020 1208 2052 de-

460 2082 529 2110 vote
543 2075 753 2120 frequentari,
771 2074 921 2107 omnibus
937 2079 967 2106 et
983 2073 1116 2116 singulis
1133 2073 1208 2106 utri-

461 2141 563 2174 usque
585 2140 677 2162 sexus
699 2127 976 2167 christifidelibus,
995 2127 1049 2170 qui
1069 2127 1208 2160 secunda

461 2183 623 2217 dominica
650 2181 926 2226 quadragesimae,
949 2180 1083 2223 singulis
1102 2181 1206 2219 annis,

462 2237 625 2281 perpetuis
646 2235 762 2269 suturis
780 2234 1000 2278 temporibus,
1026 2234 1074 2267 vel
1100 2234 1208 2267 basili-

463 2302 531 2324 cam
552 2291 584 2324 S.
607 2290 722 2323 Mariae
742 2288 869 2322 Maioris
891 2288 939 2321 vel
956 2287 1122 2321 ecclesiam
1135 2288 1210 2321 San-

463 2350 531 2378 ctae
552 2343 666 2377 Mariae
691 2343 723 2376 in
746 2341 913 2376 Dominica
932 2340 1041 2374 devote
1065 2341 1208 2374 visitave-

464 2398 538 2438 riut,
561 2403 591 2430 et
618 2397 686 2441 pias
705 2396 748 2428 ibi
774 2395 812 2429 ad
831 2396 931 2428 Deum
952 2405 1064 2439 preces
1088 2395 1210 2428 effude—

466 2447 537 2486 rint,
549 2445 674 2490 aliaque
688 2446 779 2479 solita
789 2445 827 2478 ad
843 2445 874 2477 id
889 2443 1040 2487 requisita
1056 2444 1210 2488 adimple-

465 2495 578 2535 verint,
595 2495 775 2539 praedictas
786 2499 816 2527 et
831 2493 1025 2527 easdemmet
1040 2492 1211 2526 stationum

466 2543 681 2586 indulgentias
706 2549 737 2577 et
769 2548 976 2587 peccatorum
1009 2541 1212 2575 remissiones

467 2598 705 2636 consequantur
724 2598 754 2626 et
773 2591 926 2635 consequi
954 2590 1075 2635 possint
1091 2617 1099 2631 ,
1130 2590 1212 2623 dicta

467 2642 655 2676 auctoritate
682 2641 858 2685 apostolica
886 2646 918 2675 et
949 2640 988 2674 de
1019 2639 1213 2684 apostolicae

1038 249 1215 274 BULLARIUM
1240 248 1391 273 ROMANUM

1230 300 1392 345 potestatis
1417 299 1616 344 plenitudine
1641 305 1796 344 perpetuo
1826 299 1978 333 concedi—

1231 365 1320 395 mus,
1344 359 1374 387 et
1394 354 1437 386 ita
1455 359 1519 386 tam
1539 352 1704 386 basilicam
1725 353 1755 387 S.
1779 353 1893 386 Mariae
1914 353 1978 386 Ma-

1232 407 1309 441 ioris
1322 434 1329 447 ‚
1352 412 1387 441 ut
1406 408 1479 441 illae
1499 407 1586 451 ipsae
1606 406 1778 440 stationum
1809 407 1980 450 indulgen-

1233 461 1294 494 tiae
1334 461 1366 493 in
1386 460 1521 494 ecclesia
1545 460 1577 494 S.
1599 460 1714 493 Mariae
1738 459 1771 492 in
1795 460 1978 501 Dominica,

1234 514 1374 548 secunda
1400 514 1562 548 dominica
1590 513 1872 558 quadragesimae,
1900 513 1981 546 inte-

1234 579 1309 611 grae
1329 573 1486 612 perpetuo
1506 573 1704 609 remaneant,
1728 567 1870 611 plenarie
1890 560 1982 600 restiss

1235 621 1367 655 tuimus.

1280 675 1295 718 ἓ
1314 674 1344 708 3.
1368 675 1436 708 Non
1446 673 1878 719 obstantibusipsiusLeonis
1893 684 1985 718 prae-

1237 728 1412 762 decessoris
1431 729 1636 762 translatione
1648 727 1844 767 huiusmodi,
1865 737 1901 760 ac
1917 727 1986 771 qui-

1237 781 1345 815 busvis
1369 781 1440 815 aliis
1459 781 1740 815 constitutionibus
1759 786 1790 814 et
1808 780 1986 814 ordinatio-

1238 835 1333 868 nibus
1371 835 1575 879 apostoliciS‚
1606 835 1786 878 ceterisque
1817 833 1988 868 contrariis

1239 889 1509 933 quibuscumque.

1283 943 1395 976 Datum
1423 943 1543 976 Romae
1568 943 1653 987 apud
1677 942 1709 975 S.
1733 943 1876 982 Petrum,
1904 951 1988 974 anno

1240 996 1472 1030 incarnationis
1496 996 1677 1030 dominicae
1697 995 1869 1029 millesimo
1892 994 1989 1039 quin-

1240 1050 1417 1093 gentesimo
1438 1051 1633 1093 sexagesimo
1651 1054 1772 1090 octavo,
1788 1053 1903 1092 quarto
1919 1048 1991 1081 idus

1242 1104 1360 1144 martii,
1383 1103 1590 1147 pontificatus
1609 1103 1710 1136 nostri
1725 1113 1810 1136 anno
1830 1112 1869 1135 1v.

1282 1163 1343 1193 Dat.
1361 1163 1407 1193 die
1425 1162 1461 1192 1⁶2
1485 1162 1581 1193 martii
1599 1163 1683 1199 1569,
1703 1161 1805 1202 pontif.
1821 1170 1897 1191 anno
1911 1169 1950 1191 tv.

1545 1340 1684 1375 CXXVII.

1246 1418 1366 1451 Contra
1378 1417 1567 1460 offendentes
1577 1420 1710 1457 statum,
1731 1426 1780 1448 res
1791 1419 1820 1448 et
1836 1424 1992 1458 personas

1287 1471 1487 1504 sanctissimi
1499 1471 1593 1514 officii
1607 1469 1837 1513 Inquisitionis
1853 1468 1992 1501 haereti-

1288 1535 1341 1558 cae
1355 1525 1541 1568 pravitatis,
1570 1533 1737 1567 eorumque
1760 1523 1843 1566 filios
1868 1532 1992 1555 necnon

1288 1579 1453 1622 complices
1473 1582 1502 1611 et
1525 1577 1666 1619 fanto-res
1691 1576 1716 1609 1.

1333 1659 1395 1688 Pius
1413 1658 1555 1694 episcopus
1574 1665 1670 1686 servus
1689 1663 1830 1686 servorum
1847 1656 1903 1689 Dei.

1389 1713 1423 1741 ad
1444 1713 1606 1747 perpetuam
1624 1712 1665 1740 rei
1679 1710 1848 1739 memoriam.

1291 1779 1321 1813 Si
1342 1780 1381 1813 de
1401 1779 1608 1823 protegendis
1633 1778 1747 1812 ceteris
1763 1777 1914 1811 omnibus
1940 1787 1993 1810 ec-

1247 1834 1362 1867 clesiae
1383 1833 1545 1873 ministris,
1565 1843 1646 1877 quos
1666 1832 1698 1864 in
1714 1832 1809 1865 fidem
1823 1836 1854 1865 et
1866 1831 1996 1865 cliente-

1247 1888 1309 1920 lam
1330 1892 1471 1920 nostram
1492 1898 1509 1919 a
1528 1886 1663 1919 Domino
1683 1885 1866 1929 recepimus
1879 1911 1886 1925 ,
1917 1895 1995 1918 cura

1247 1941 1340 1974 nobis
1359 1940 1543 1984 quotidiana
1567 1940 1699 1980 insidet,
1735 1944 1854 1982 quanto
1875 1938 1996 1972 maiore

1248 1995 1353 2028 studio
1374 2005 1442 2027 eam
1464 2004 1522 2027 nos
1550 1992 1800 2027 sollicitudinem
1829 2002 1996 2035 capessere

1249 2060 1377 2082 necesse
1397 2053 1455 2089 est,
1478 2053 1513 2081 ut
1531 2048 1587 2091 qui
1613 2048 1645 2080 in
1665 2057 1756 2080 sacro
1781 2045 1996 2090 inquisitionis

1249 2102 1428 2136 haereticae
1444 2101 1604 2145 pravitatis
1620 2101 1725 2134 officio
1740 2105 1921 2140 versantur,
1937 2099 1997 2133 sub

1250 2157 1347 2189 tutela
1366 2155 1534 2188 inviolatae
1560 2154 1760 2188 auctoritatis
1792 2153 1889 2198 huius
1908 2153 1997 2187 Sedis

1250 2209 1470 2253 periculorum
1491 2208 1635 2241 omnium
1662 2212 1819 2251 expertes
1849 2217 1997 2252 quaeque

1251 2275 1385 2298 munera
1405 2265 1443 2297 ad
1473 2263 1696 2297 exaltationem
1716 2263 1791 2296 fidei
1821 2262 1997 2295 catholicae

1251 2323 1461 2361 exequantur.

1295 2372 1309 2415 g
1324 2372 1355 2404 1.
1378 2371 1457 2404 Cum
1474 2371 1581 2414 itaque
1597 2370 1665 2404 eius
1680 2369 1806 2413 generis
1822 2367 1997 2413 impiorum

1251 2425 1296 2458 vis
1317 2424 1460 2469 quotidie
1485 2423 1584 2467 magis
1603 2424 1787 2464 invalescat,
1814 2422 1869 2466 qui
1894 2421 1999 2455 omni-

1252 2479 1312 2511 bus
1347 2478 1438 2511 malis
1476 2478 1598 2510 artibus
1625 2477 1825 2521 praedictum
1857 2475 1998 2509 officium

1253 2533 1448 2572 subvertere,
1461 2531 1688 2575 ministrosque
1702 2529 1920 2564 functionibus
1935 2529 1999 2562 dis-

1290 2605 1299 2630 l
1321 2603 1359 2630 Ad
1389 2602 1451 2630 haec
1468 2602 1548 2629 habes
1571 2602 1649 2629 etiam
1671 2601 1726 2629 Iulii
1749 2601 1783 2628 lll
1827 2600 1999 2628 constitutio-

1255 2656 1314 2675 nem
1333 2654 1383 2681 xu,
1397 2649 1467 2675 Licet
1482 2656 1498 2674 a
1517 2649 1638 2679 diversis,
1652 2649 1715 2674 tom.
1736 2653 1775 2680 vr,
1790 2653 1849 2680 pag.
1867 2645 1927 2674 115¹.

1994 247 2043 273 An.
2059 245 2089 273 C.
2106 245 2174 274 ¹⁸6⁹

2025 687 2116 715 Dei-ngat
2130 692 2183 709 eon—

1999 719 2076 740 trariis.

2036 1789 2154 1811 Exordium.

2052 2378 2118 2401 Coun
2132 2378 2196 2400 huius

2014 2411 2182 2433 constitutionis.
