2237 3100
659 462 998 545 LECTORI
1057 461 1214 543 BEN
1224 461 1478 546 EVOLO

287 678 790 720 TAURINENSES
814 678 1099 718 ROMANI
1124 679 1469 719 BULLARII
1494 680 1849 721 EDITORES

936 871 1209 911 SALUTEM

314 1628 507 1680 Nunquam
531 1626 690 1666 arbitrati
709 1627 901 1667 fuissemus
924 1627 1116 1678 septimum
1134 1626 1252 1677 Magni
1267 1626 1412 1665 Bullarii
1436 1626 1606 1666 volumen
1631 1634 1703 1666 tam
1720 1628 1874 1667 infausto

262 1707 381 1747 omine
404 1706 506 1746 nobis
530 1720 609 1746 esse
624 1706 881 1746 inchoandum:
910 1718 1095 1756 nunquam
1118 1705 1398 1744 credidissemus
1414 1706 1448 1744 in
1466 1712 1562 1744 tanta
1581 1718 1704 1745 rerum
1725 1720 1873 1746 conver-

263 1790 363 1829 sione
384 1789 590 1829 firmissimo
623 1801 688 1828 nos
723 1788 900 1840 praesidio
939 1788 1204 1832 destituendos,
1241 1787 1367 1826 solatio
1397 1800 1437 1826 ac
1475 1788 1639 1839 perfugio
1677 1787 1870 1828 orbandos.

263 1870 431 1922 Princeps
460 1870 762 1909 eminentissimus
802 1869 1006 1908 Fam-asem
1035 1867 1154 1908 GAtnE
1192 1867 1228 1908 S.
1257 1869 1299 1907 R.
1323 1868 1362 1906 E.
1396 1867 1593 1907 Cardinalis
1615 1867 1871 1920 amplissimus,

263 1952 379 2002 operis
415 1951 526 1990 nostri
567 1950 700 1990 nedum
729 1956 899 2001 patronus
928 1963 969 1989 ac
1005 1962 1153 2002 parens,
1186 1963 1312 1989 verum
1352 1951 1459 1989 etiam
1492 1950 1655 1990 laborum
1698 1951 1874 2002 particeps

264 2030 537 2082 studiorumque
569 2031 709 2075 fautor,
742 2030 820 2069 diro
851 2029 977 2069 morbo
1010 2037 1219 2082 correptus,
1263 2030 1435 2082 postridie
1471 2030 1551 2069 idus
1581 2029 1782 2070 decembris
1810 2043 1869 2069 an.

264 2124 302 2150 n.
326 2123 422 2149 neec.
446 2123 511 2155 Lx,
538 2118 690 2151 mortem
715 2112 890 2150 iustorum
920 2110 1026 2156 obiit,
1070 2124 1203 2162 magno
1238 2111 1337 2150 luctu
1376 2112 1534 2151 afficiens
1573 2112 1633 2162 qui
1669 2112 1758 2150 Eum
1801 2124 1872 2150 non

261 2190 379 2229 solum
401 2189 579 2234 colebam,
598 2190 662 2229 sed
681 2197 715 2229 et
729 2202 851 2229 amore
879 2197 913 2230 et
935 2190 1073 2230 honore
1095 2190 1420 2242 prosequebantur.
1448 2192 1485 2230 ln
1510 2203 1580 2242 quo
1602 2191 1761 2242 profecto
1784 2191 1872 2229 Viro

263 2277 335 2310 tam
368 2270 480 2310 multa
504 2270 657 2309 hominis
680 2277 846 2322 tantaque
875 2272 910 2310 in
948 2271 1160 2322 religionem
1183 2279 1218 2310 et
1246 2284 1323 2310 rem
1346 2272 1554 2311 litterariam
1585 2272 1712 2310 merita
1753 2272 1872 2311 extite-

263 2358 360 2395 runt,
382 2357 420 2390 ut
437 2350 546 2390 Cuius
565 2351 679 2389 ramae
697 2350 884 2390 celebritas
907 2352 942 2390 in
967 2353 1128 2391 omnium
1142 2365 1204 2391 ore
1227 2358 1406 2397 versatur,
1430 2358 1533 2403 turpe
1556 2352 1702 2391 omnino
1722 2352 1767 2390 sit
1789 2352 1872 2390 Eius

264 2432 321 2470 hic
345 2444 364 2470 a
395 2430 497 2471 nobis
517 2431 652 2470 illustre
673 2444 804 2471 nomen
827 2432 967 2471 silentio
991 2433 1190 2484 praeteriri.
1210 2432 1319 2472 Cuius
1346 2439 1464 2471 tamen
1491 2445 1548 2471 res
1583 2438 1702 2482 gestas
1726 2432 1873 2483 ampliti-

262 2511 398 2551 candae
415 2511 598 2563 religionis
619 2513 732 2563 gratia
754 2513 861 2564 (inter
881 2526 969 2564 quas
993 2526 1063 2552 non
1089 2513 1253 2552 ultimum
1278 2512 1343 2551 sibi
1364 2513 1483 2552 locum
1501 2513 1683 2552 vindicant
1705 2525 1791 2563 erga
1815 2525 1872 2550 no-

264 2599 375 2633 stram
394 2593 587 2633 editionem
612 2593 757 2633 Bullarii
775 2594 1008 2646 impensiores
1036 2594 1161 2645 curae)
1185 2606 1298 2645 quum
1327 2595 1482 2647 primum
1512 2594 1708 2646 poterimus
1738 2593 1873 2632 referre
