2237 3100
244 255 293 282 An.
311 254 340 281 C.
357 253 424 282 ¹568

298 903 330 922 Su*
361 904 425 922 cie-‘iti

246 935 301 954 nulla
318 940 428 960 praenega-

246 970 287 987 tiva
299 966 396 991 gaudent.

273 1219 369 1240 tjtausuta
384 1219 430 1240 sub-

248 1251 316 1271 laun,

324 1707 435 1733 Derogatio

254 1739 408 1761 contrariorum

289 2603 356 2625 lussio
372 2603 445 2631 publi-

263 2635 331 2656 candi.

483 243 548 277 674

440 307 637 345 doctoratus,
648 304 869 337 li‹1·.entiaturae
881 308 908 334 et
926 302 1099 344 magisterii
1116 312 1188 345 gra-

440 360 518 393 dum
538 358 772 402 promovendi,
797 367 853 399 per
879 366 1101 399 quoscumque
1127 355 1189 388 Ro-

441 424 551 447 manos
578 411 747 445 Pontifices
782 409 1043 453 praedecessores
1066 415 1190 442 nostros

441 474 471 500 et
483 467 596 500 Svdem
608 464 822 508 Apostolicam
840 474 877 496 ac
895 462 991 496 etiam
1008 474 1077 502 nos⁷
1096 463 1189 495 etiam

442 526 552 558 motu⁷
585 518 714 551 scientia
746 523 773 549 et
802 517 966 560 potestatis
992 516 1190 560 plenitudine

443 574 600 607 similibus
619 600 625 609 ,
650 571 893 614 quomodolibet
914 580 1085 609 concessa,
1118 582 1193 603 cou-

443 630 564 659 tirmata
586 631 612 658 et
637 626 796 662 inumata,
820 625 1088 657 illorumtenores
1104 636 1193 667 prac-

441 681 584 713 sentibus
597 690 654 722 pro
666 679 822 722 expressis
831 678 996 717 habente&
1005 678 1192 712 auctoritaie

441 734 626 776 apostolica,
655 739 765 765 tenore
784 732 1001 775 praesentium
1036 738 1192 775 perpetuo

442 798 641 825 revocamus,
669 796 832 819 cassamus
853 790 881 817 et
907 786 1123 818 annullamus.

486 842 500 883 ξ
521 841 551 874 3.
576 842 618 873 Ac
635 839 772 872 decretis
792 839 923 872 concilii
944 839 1119 872 Tridentini
1145 840 1193 872 in-

441 896 621 935 haerentes,
644 893 849 927 decernimus
868 898 899 926 et
919 894 1120 927 declaramus
1140 904 1195 927 eos

442 949 497 993 qui
514 960 530 981 a
551 947 724 981 comitibus
744 952 774 980 et
794 946 864 980 aliis
884 946 1034 991 praefatis
1054 948 1193 991 promoti

443 1004 589 1041 suerunt,
612 1002 719 1046 quoad
739 1000 907 1044 dignitates
927 1006 1119 1045 caeteraque
1138 1001 1194 1035 be—

442 1056 558 1089 neficia
578 1055 804 1094 ecclesiastica,
825 1054 914 1087 nulla
933 1054 1195 1099 graduspraero-

444 1110 546 1153 gativa
565 1110 627 1143 srui
649 1115 680 1142 et
708 1108 849 1153 gaudere
874 1118 967 1151 posse
991 1109 1039 1141 vel
1064 1109 1192 1142 debere.

488 1164 554 1207 §lla
578 1164 614 1196 Et
638 1163 683 1196 sic
707 1162 739 1195 in
764 1162 948 1207 praemissis
983 1162 1134 1195 omnibus
1167 1168 1197 1195 et

444 1218 579 1261 singulis
611 1228 668 1261 per
688 1227 912 1260 quoscumque
933 1215 1056 1249 iudices
1072 1244 1079 1256 ,
1101 1216 1195 1250 etiam

445 1282 616 1306 causarum
637 1271 748 1304 Palatii
764 1270 940 1314 Apostolici
952 1271 1128 1311 auditores,
1147 1283 1197 1304 su-

444 1327 529 1359 blata
550 1326 594 1359 eis
615 1330 645 1359 et
670 1335 782 1358 eorum
809 1324 942 1357 cuilibet
965 1324 1076 1367 quavis
1106 1326 1198 1358 aliter

446 1379 609 1413 iudicandi
620 1384 648 1412 et
662 1377 897 1422 interpretandi
917 1377 1082 1417 facultate,
1102 1378 1198 1413 inter-

446 1433 579 1477 pretari,
591 1432 728 1466 iudicari
746 1438 776 1466 et
786 1431 914 1465 definiri
927 1431 1058 1473 debere;
1070 1442 1198 1467 necnon

446 1487 574 1521 irritum
595 1492 622 1520 et
644 1486 740 1520 inane
759 1485 913 1530 quicquid
929 1496 1022 1519 secus
1042 1497 1139 1531 super
1149 1486 1199 1520 his

448 1553 465 1575 a
489 1551 666 1586 quoquam,
692 1540 802 1585 quavis
833 1540 1042 1581 auctoritate,
1062 1540 1200 1574 scienter

447 1596 496 1629 vel
516 1595 714 1638 ignoranter,
732 1594 903 1638 contigerit
919 1594 1079 1628 attentari.

493 1650 508 1694 g
532 1650 563 1683 5.
582 1649 652 1683 Non
686 1649 887 1683 obstantibus
915 1648 1201 1683 constitutionibus

450 1708 480 1737 et
500 1703 758 1737 ordinationibus
776 1702 960 1747 apostolicis
985 1713 1022 1736 ac
1038 1702 1199 1747 praefatis,

451 1762 481 1790 ct
500 1757 665 1801 quibusvis
684 1757 755 1790 aliis
782 1756 998 1796 facultatibus,
1027 1756 1201 1800 privilegiis

452 1816 482 1845 ct
501 1811 633 1844 indultis
657 1815 688 1844 et
713 1810 827 1843 litteris
847 1809 1031 1854 apostolicis
1046 1837 1053 1851 ,
1081 1810 1201 1844 eisdem

453 1864 625 1898 comitibus
645 1869 676 1898 et
695 1864 837 1907 collegiis
853 1889 861 1905 ‚
882 1873 1010 1898 necnon
1038 1865 1202 1908 quibusvis

452 1919 532 1959 aliis,
557 1918 651 1951 etiam
672 1928 708 1951 ex
728 1918 837 1961 quavis
850 1928 956 1958 causa,
972 1917 1067 1951 etiam
1083 1929 1202 1962 urgen-

452 1972 584 2012 tissima,
605 1977 660 2005 aut
679 1971 711 2004 in
727 1971 790 2004 vim
811 1976 996 2005 contractus
1009 1971 1093 2005 inter
1108 1983 1162 2006 eos
1173 1978 1204 2006 et.

454 2026 568 2060 Sedem
580 2025 777 2070 praedictam
798 2025 878 2066 initi,
900 2026 948 2058 vel
964 2036 1000 2058 ex
1021 2036 1117 2059 causa
1128 2037 1203 2060 one-

455 2091 538 2121 rosa,
565 2080 660 2114 ctiam
681 2084 771 2113 motu
791 2079 923 2123 proprio
943 2090 980 2113 ac
1001 2080 1204 2114 consistoria-

453 2135 525 2168 liter
559 2139 590 2167 et
613 2134 691 2167 alias
714 2133 957 2177 quomodolibet
982 2135 1142 2168 concessis
1167 2146 1204 2168 ac

454 2188 549 2222 etiam
570 2187 690 2221 iteratis
709 2187 832 2221 vicibus
852 2187 1036 2231 approbatis
1056 2194 1087 2222 ct
1110 2188 1203 2222 inno-

455 2242 542 2283 vatis,
567 2242 685 2287 quibus
709 2241 871 2282 omnibus,
901 2241 1032 2276 illorum
1058 2243 1204 2276 omnium

457 2303 584 2330 tenores
600 2323 608 2337 ‚
636 2307 673 2329 ac
693 2295 718 2329 si
738 2296 776 2329 de
795 2296 892 2329 verbo
912 2296 950 2329 ad
970 2296 1103 2330 verbum
1123 2297 1206 2331 inse-

457 2355 606 2384 rerentur
624 2377 632 2391 ,
668 2349 890 2394 praesentibus
923 2359 981 2393 pro
1009 2350 1207 2385 sufficienter

458 2403 614 2447 expressis
632 2404 799 2444 habentes,
820 2402 927 2446 quoad
943 2403 1031 2436 bunc
1044 2403 1205 2446 effectum,

459 2453 638 2496 specialiter
653 2459 684 2487 et
699 2463 846 2498 expresse
863 2453 1066 2496 derogamus,
1080 2454 1207 2488 ceteris-

459 2512 522 2545 que
542 2502 710 2536 contrariis
729 2503 999 2546 quibuscumque.

504 2550 519 2593 ἓ
549 2551 580 2584 6.
607 2551 646 2585 Ut
679 2557 786 2585 autem
813 2555 998 2596 praesentes
1021 2550 1145 2585 litterae
1169 2552 1207 2585 ad

460 2599 607 2633 omnium
636 2600 780 2634 notitiam
814 2601 1016 2635 deducantur
1031 2626 1040 2642 ,
1060 2600 1209 2634 volumus

461 2648 550 2693 quod
569 2648 602 2684 in
621 2649 818 2686 Cancellaria
844 2654 954 2685 nostra
972 2648 1157 2698 Apostolica
1179 2654 1210 2684 et

1029 247 1208 272 BULLARIUM
1239 246 1389 271 ROMANUM

1989 246 2039 274 An.
2055 246 2085 274 C.
2101 244 2171 273 ¹⁸68

1230 302 1260 333 in
1274 300 1341 333 acic
1351 299 1460 343 Campi
1473 300 1584 332 Florae
1600 299 1640 332 de
1651 309 1740 332 more
1756 299 1974 344 publicentur,

1230 359 1260 387 et.
1280 354 1363 386 inter
1382 352 1626 385 constitutiones
1650 357 1806 396 perpetuo
1825 352 1977 386 valituras

1230 407 1465 441 describantur.

1275 462 1290 503 ,Q
1310 461 1340 494 7.
1368 461 1401 493 Et
1423 460 1498 504 quia
1518 459 1646 493 difficile
1666 460 1748 492 foret
1773 470 1826 492 eas
1854 460 1892 492 ad
1913 460 1977 492 sin·
2027 474 2174 501 amplorum

1231 516 1305 558 gula
1325 526 1472 558 quaeque
1492 515 1561 547 loca
1593 513 1708 546 deferri
1726 541 1733 553 ‚
1756 513 1842 557 quod
1868 524 1979 547 earum
1997 507 2057 527 ΜΞ·

1233 569 1452 611 transumptis,
1466 568 1560 601 etiam
1573 567 1748 611 impressis,
1763 577 1860 600 manu
1878 567 1980 600 alicu—

1233 623 1282 655 ius
1301 622 1416 655 notarii
1437 621 1635 664 subscriptis,
1655 632 1692 654 ac
1717 620 1820 663 sigillo
1845 620 1982 653 alicuius

1235 676 1365 719 praelati
1387 675 1529 715 munitis,
1552 675 1663 707 eadem
1684 685 1817 718 prorsus
1838 674 1917 707 tides
1929 674 1983 706 ad-

1233 730 1381 762 hibeatur
1402 740 1484 773 quae
1506 728 1728 772 praesentibus
1747 728 1956 761 adhiberetur
1973 756 1980 769 ‚

1234 784 1257 817 si
1279 784 1383 816 forent
1403 783 1559 815 exhibitae
1580 783 1627 815 vel
1647 788 1805 815 ostensae.

1277 837 1363 870 Nulli
1389 848 1465 880 ergo
1485 841 1541 869 etc.

1277 892 1391 925 Datum
1422 892 1541 924 Romae
1562 890 1648 934 apud
1673 890 1703 923 S.
1730 890 1878 930 Petrum,
1899 899 1984 922 anno

1235 945 1465 979 lncarnationis
1480 944 1660 977 dominicae
1675 953 1827 985 MDLXVHI,
1840 943 1986 977 kalendis

1235 1000 1328 1041 iunii,
1352 998 1556 1043 pontificatus
1580 998 1680 1031 nostri
1700 1008 1785 1031 anno
1805 1007 1850 1031 111.

1282 1054 1343 1084 Dat.
1366 1054 1413 1084 die
1436 1054 1449 1083 ¹1
1476 1052 1551 1088 iunii
1573 1052 1659 1089 «1568,
1678 1051 1779 1091 pontis.
1801 1060 1878 1081 anno
1896 1059 1938 1081 111.

1565 1221 1651 1255 XCV.

1239 1300 1422 1334 Trans-tatio
1451 1309 1545 1331 curae
1570 1298 1764 1330 monialium
1788 1309 1808 1330 α
1831 1297 1988 1339 fratribus

1283 1353 1416 1387 Ordinis
1445 1352 1611 1386 asotorum
1645 1351 1916 1385 Conventualium
1946 1351 1990 1385 ad

1282 1407 1466 1440 ordinarios
1486 1407 1628 1440 locorum
1647 1405 1674 1439 1.

1295 1488 1358 1518 Pius
1375 1489 1446 1525 Papa
1461 1488 1492 1521 V.
1513 1488 1548 1516 ad
1566 1487 1694 1517 futuram
1709 1488 1749 1517 rei
1764 1487 1933 1517 memoriam.

1283 1561 1298 1605 ἓ
1317 1561 1348 1594 t.
1365 1560 1457 1601 Cum,
1471 1560 1553 1594 sicut
1573 1560 1770 1605 accepimus,
1788 1560 1912 1594 diversa
1924 1569 1992 1594 mo·
2057 1566 2187 1589 Monaswria

1239 1614 1374 1648 nialium
1408 1614 1603 1649 monasteria
1622 1642 1630 1657 ,
1666 1625 1764 1648 curae
1783 1619 1815 1648 et
1841 1613 1991 1657 regimini
2005 1597 2188 1650 issfful‘ffinssiiff

1240 1668 1432 1702 dilectorum
1451 1668 1592 1702 filiorum
1619 1669 1754 1702 fratrum
1783 1667 1911 1702 Ordinis
1934 1668 1990 1702 Mi·
2005 1660 2187 1717 ffiffissffiag‘ffi'

1240 1733 1359 1757 norum
1379 1722 1644 1756 Conventualium
1660 1722 1691 1756 S.
1710 1721 1873 1756 Francisci
1887 1721 1993 1756 subie-
2006 1723 2188 1776 {Jujffi‘lglffiffij

1242 1782 1292 1811 cta
1305 1787 1372 1810 esse
1384 1776 1599 1822 reperiantur,
1615 1787 1674 1810 nos
1687 1776 1842 1818 volentes,
1861 1787 1919 1821 pro
1932 1788 1991 1811 no-
2182 1770 2187 1780 ’

1241 1830 1297 1864 stri
1308 1830 1477 1874 pastoralis
1492 1830 1589 1864 officii
1609 1829 1839 1871 sollicitudine,
1862 1831 1992 1864 eosdem

1241 1883 1365 1925 fratres,
1375 1889 1412 1918 ut
1423 1884 1624 1918 commodius
1635 1890 1666 1918 et
1679 1883 1812 1917 liberius
1828 1894 1993 1918 sacrarum

1242 1938 1423 1971 litterarum
1448 1938 1562 1972 studiis
1582 1938 1772 1972 incumbere
1790 1938 1927 1980 valeant,
1953 1937 1994 1972 ab

1243 2001 1341 2025 onere
1361 1998 1391 2025 et
1424 1992 1655 2037 impedimento
1686 1991 1835 2036 gubernii
1868 1991 1993 2026 monia·

1243 2045 1323 2079 lium
1335 2046 1520 2080 huiusmodi
1529 2046 1649 2080 liberos
1660 2055 1740 2087 esse,
1752 2051 1841 2079 motu
1849 2045 1993 2090 proprio,

1244 2110 1280 2133 ex
1300 2104 1385 2133 certa
1400 2100 1545 2142 scientia,
1563 2105 1754 2145 maturaque
1763 2099 1993 2134 deliberatione

1243 2159 1364 2195 nostra,
1386 2165 1423 2188 ac
1443 2155 1481 2188 de
1500 2154 1695 2199 apostolicae
1713 2154 1877 2199 potestatis
1888 2154 1992 2199 pleni-

1244 2209 1357 2243 tudine
1374 2236 1382 2250 ,
1410 2209 1524 2242 fratres
1553 2209 1785 2243 Conventuales
1811 2208 1994 2253 praedictos

1244 2263 1442 2307 ubicumque
1462 2262 1642 2304 existentes,
1664 2262 1704 2296 ab
1724 2261 1812 2296 omni
1828 2273 1917 2303 cura,
1938 2274 1994 2308 gu-

1245 2316 1371 2358 bernio,
1390 2316 1546 2360 regimine
1566 2322 1596 2350 et
1620 2315 1896 2350 administratione
1914 2327 1994 2361 quo-

1245 2381 1461 2416 rumcumque
1498 2370 1768 2404 monasteriorum
1804 2369 1993 2404 monialium

1247 2435 1303 2458 seu
1312 2424 1521 2468 bighinarum
1536 2429 1591 2458 aut
1603 2423 1844 2458 bizochetarum
1854 2424 1902 2457 vel
1915 2424 1994 2458 alias

1247 2478 1489 2522 quomodolibet
1521 2479 1778 2519 commissorum,
1796 2482 1827 2512 et
1850 2488 1909 2522 per
1940 2488 1995 2512 eos

1247 2533 1402 2567 hactenus
1426 2533 1494 2577 regi
1513 2538 1544 2566 et
1562 2532 1736 2576 gubernari
1755 2531 1934 2572 solitorum,
1957 2542 1995 2565 ex

1247 2586 1376 2621 nuncin
1387 2592 1594 2632 perpetuum,
1606 2585 1796 2621 auctoritate
1808 2585 1995 2631 apostolica,

1285 2660 1297 2687 ί
1315 2658 1355 2688 Ex
1369 2658 1434 2688 edit.
1453 2658 1525 2695 typis
1539 2657 1620 2688 Bladi.
