2237 3100
50 272 101 302 An.
122 273 152 301 C.
168 273 234 301 ¹568

67 1247 210 1276 Transumptts

40 1280 97 1303 credi
117 1280 181 1302 iubet.

63 2574 178 2597 Exordium.

926 271 993 296 PIUS
1012 272 1031 296 V
1051 272 1098 296 Pr.

1679 267 1742 300 ⁶753

247 333 283 356 ac
303 331 376 357 cum
401 322 566 367 quibusvis
598 323 751 357 clausulis
775 329 805 357 et
828 324 965 358 decretis
987 352 994 366 ,
1039 325 1125 358 curis
1141 325 1273 359 omnino
1294 326 1388 370 plena
1410 326 1608 367 innumeris,
1632 330 1788 362 nonnulla

246 376 279 410 in
302 386 420 419 genere
440 381 471 410 et
494 376 527 410 in
547 377 653 422 specie
678 378 849 419 concessis,
876 379 994 412 confir-

246 430 349 471 matis;
363 441 399 463 ac
409 430 504 464 etiam
517 430 588 464 aliis
603 431 896 473 reformationibus,
912 444 994 477 quo-

245 484 445 528 tiescumque
464 490 495 518 et
521 496 731 529 quocumque
749 491 893 530 tempore
905 481 995 521 factis

244 539 510 582 etpromulgatis;
531 550 568 572 ac
587 539 783 583 quibuslibet
802 539 872 572 aliis
891 540 994 574 indul-

243 592 358 636 gentiis
374 597 404 626 et
423 592 537 626 litteris
561 593 745 636 apostolicis
760 619 768 633 ,
800 593 993 638 specialibus

243 651 274 679 et
292 646 510 689 generalibus,
532 657 816 691 quorumcumque
845 653 991 681 tenorum

245 700 381 734 existant
399 727 406 740 ‚
444 711 502 744 per
532 711 614 743 quae
630 727 636 741 ‚
672 702 896 745 praesentibus
927 712 993 735 non

242 763 390 798 expressa
409 754 457 787 vel
477 753 616 787 totaliter
626 764 692 787 non
711 754 839 795 inserta,
860 755 992 790 effectus

240 818 352 841 earum
372 818 429 841 seu
440 807 601 841 dictorum
612 807 850 841 ordinariorum
861 809 990 843 iurisdi-

240 861 302 895 ctio
323 872 379 895 seu
400 861 545 895 executio
566 862 715 906 impediri
736 863 837 896 valeat
856 874 990 907 quomo-

239 915 359 949 dolibet
367 916 414 948 vel
422 915 557 956 differri,
569 916 647 949 etde
657 916 774 959 quibus
785 927 990 962 quorumque

239 970 312 1003 totis
331 970 498 1003 tenoribus
522 970 670 1004 habenda
689 971 728 1004 sit
752 971 784 1004 111
810 972 989 1005 nostrislit-

239 1023 315 1058 teris
334 1024 454 1058 mentio
468 1025 625 1069 specialis,
639 1036 723 1069 quae
738 1025 856 1067 omnia,
877 1031 989 1060 contra

238 1079 425 1112 earumdem
434 1078 651 1123 praesentium
665 1083 823 1121 tenorem,
838 1081 989 1114 nolumus

238 1131 389 1176 cuiquam
410 1132 443 1166 in
467 1132 575 1178 aliquo
599 1133 778 1176 suffragari.

282 1185 361 1230 §32
374 1187 520 1232 Denique
529 1187 623 1221 etiam
640 1189 789 1222 volumus
800 1189 886 1232 quod
902 1189 987 1233 ipsa-

238 1251 309 1274 rum
320 1241 537 1285 praesentium
548 1243 703 1286 exempla,
716 1242 810 1276 etiam
821 1242 987 1286 impressa,

236 1294 378 1338 dictique
395 1295 509 1339 Aloysii
524 1295 694 1329 cardinalis
714 1301 744 1329 ct
762 1308 821 1341 pro
841 1302 987 1342 tempore

236 1348 397 1383 existentis
412 1350 604 1394 protectoris
623 1355 678 1384 aut
692 1350 823 1395 capituli
838 1351 886 1385 vel
902 1351 987 1396 prio-

235 1402 279 1436 ris
302 1403 461 1447 generalis
476 1403 580 1447 sigillo
604 1409 635 1438 et
658 1405 821 1438 secretarii
848 1405 987 1440 cuiusvis

234 1467 348 1491 eorum
362 1458 410 1492 vel
427 1458 542 1492 notarii
555 1458 676 1502 publici
692 1470 789 1493 manu
805 1460 983 1503 obsignata,

234 1511 380 1546 eamdem
401 1511 488 1545 illam
508 1512 604 1546 fidem
630 1513 750 1557 ubique
769 1514 930 1555 locorum,
954 1514 985 1547 111

234 1564 353 1599 iudicio
373 1570 404 1599 ct
424 1573 510 1601 extra
525 1566 622 1608 illud,
635 1567 763 1609 faciant,
784 1579 880 1612 quam
897 1569 984 1613 ipsae

235 1626 427 1665 p1·aesenteS‚
439 1621 465 1654 si
477 1621 583 1656 forent
592 1622 751 1657 exhibitae
761 1623 809 1657 vel
824 1628 981 1659 ostensae.

276 1674 361 1708 Nulli
382 1685 458 1719 ergo
483 1680 540 1709 etc.

275 1728 390 1762 Datum
410 1729 530 1764 Romae
564 1730 651 1775 apud
673 1730 704 1765 S.
729 1731 870 1773 Petrum,
899 1743 984 1766 anno

233 1783 465 1818 lncarnationis
484 1784 666 1819 dominicae
685 1795 826 1820 MDvain
843 1813 850 1827 ,
878 1796 907 1820 tx
927 1787 983 1820 ka-

233 1836 344 1870 lendas
359 1837 444 1879 maii,
464 1838 671 1882 pontificatus
688 1840 789 1873 nostri
809 1851 894 1874 anno
915 1851 958 1873 111.

288 1895 351 1927 Dat.
371 1896 418 1927 die
437 1897 475 1927 ⁶23
494 1897 594 1937 aprilis
616 1898 706 1936 1568,
725 1903 803 1938 pont.
824 1909 870 1929 an.
890 1908 930 1930 111.

562 2047 661 2082 XCIV.

232 2120 401 2154 Revocatio
435 2121 581 2153 omnium
604 2122 850 2165 pririleqiorwn
867 2134 887 2156 α
906 2123 984 2156 Sede

275 2174 459 2218 Apostolica
486 2175 675 2218 officialibus
702 2180 731 2209 et
759 2176 835 2209 aliis
854 2178 982 2220 quihus-

277 2238 408 2272 cumquc
427 2239 654 2270 concessorum,
677 2231 809 2263 creandi
832 2232 980 2273 (lectores,

277 2282 457 2315 licentiatos
484 2286 513 2315 ec
539 2284 733 2326 mayz'slros;
761 2289 790 2317 et
809 2285 983 2319 declaratio

276 2336 380 2379 quoad
398 2336 550 2379 beneficia
569 2341 598 2370 cc
617 2338 793 2381 dz'ynitaces
814 2338 839 2371 ¹.

325 2403 386 2432 Pius
405 2403 547 2440 episcopus
565 2411 661 2434 servus
684 2412 825 2435 servorum
841 2406 898 2440 Dei.

367 2455 401 2483 ad
424 2456 586 2491 perpetuam
611 2456 653 2485 rei
679 2457 848 2485 memoriam.

276 2514 424 2553 Quamvis
443 2525 461 2547 a
481 2514 563 2547 Sede
590 2514 771 2559 Apostolica
785 2542 792 2555 ,
818 2515 855 2548 ad
885 2527 982 2560 quam

232 2568 435 2611 negotiorum
457 2567 630 2601 multitudo
656 2568 799 2613 undiquc
823 2570 956 2604 confluit
972 2598 980 2612 ,

269 2635 279 2661 1
308 2635 346 2662 De
362 2634 512 2662 huiusmodi
539 2636 725 2671 praerogativa
745 2636 825 2664 habes
851 2637 931 2664 etiam
957 2638 982 2664 111

231 2679 331 2707 concilii
348 2680 494 2708 Tridentini
509 2680 626 2708 sessione
645 2688 719 2715 xxti,
735 2690 793 2718 cap.
812 2690 849 2715 11;
869 2686 895 2709 et
914 2690 980 2710 sess.

312 2720 387 2752 Bull.
408 2720 487 2753 Rom.
508 2721 563 2752 Vol.
589 2721 646 2753 VII.
825 2722 864 2755 85

1038 378 1199 412 interdum
1225 390 1262 412 ex
1293 379 1384 412 iustis
1413 380 1517 412 causis
1541 382 1785 423 concedantur,

1036 443 1118 475 quae
1139 433 1325 466 successivis
1350 433 1551 476 temporibus
1573 435 1602 467 in
1620 436 1786 479 publicum

1036 486 1264 520 detrimentum
1290 492 1318 520 ct
1340 488 1434 520 alieni
1457 487 1535 521 iuris
1552 489 1786 532 praeimlicium

1036 540 1165 573 tendere
1187 547 1385 581 noscuntur3
1407 552 1471 575 non
1492 542 1581 575 «lebet
1610 544 1786 587 rupi-elien<

1035 591 1126 626 sibile
1146 593 1258 636 videri,
1281 595 1305 628 si
1325 595 1488 628 Romanus
1501 596 1655 637 Pontifex,
1679 598 1716 629 ad
1731 609 1786 631 eu-

1035 647 1084 680 ius
1104 647 1336 692 providentiam
1356 676 1362 689 ‚
1399 660 1457 693 pro
1478 650 1585 683 debito
1620 652 1787 694 pastoralis

1034 700 1143 741 officii,
1166 707 1283 745 spectat
1307 713 1405 746 super
1426 703 1462 736 iis
1482 703 1586 737 debite
1608 705 1785 748 providere,

1034 754 1107 795 illa,
1131 755 1375 789 rationabilibus
1402 762 1432 790 et.
1457 757 1600 790 iuridicis
1634 770 1784 802 superve-

1034 808 1196 842 nientibus
1223 810 1327 843 causis
1359 810 1473 844 deinde
1500 811 1634 854 cognitis
1651 839 1659 853 ,
1682 823 1784 856 quan—

1033 862 1138 906 doque
1166 869 1287 896 revocat
1311 869 1337 896 et
1361 865 1517 904 annullat,
1548 876 1583 898 ac
1612 865 1642 898 in
1668 872 1782 899 statum

1033 916 1144 960 redigit
1168 917 1309 950 rationis

1075 970 1134 1013 gi.
1157 971 1251 1012 Sane,
1271 982 1345 1005 cum
1368 972 1427 1005 tidi¹
1449 973 1544 1016 iligna
1567 974 1781 1017 plurimorum

1032 1024 1198 1066 relatione,
1222 1036 1286 1058 nou
1302 1026 1369 1059 sine
1390 1027 1487 1059 animi
1508 1029 1607 1060 nostri
1624 1030 1779 1072 molestia,

1031 1078 1283 1113 intellexerimus
1294 1081 1468 1113 nonnullos
1484 1081 1616 1114 comites
1626 1083 1782 1125 palatinos

1031 1137 1061 1165 ct
1080 1132 1220 1166 diversos
1240 1134 1329 1174 alios,
1342 1140 1506 1179 praetextu
1520 1136 1705 1169 facultatum
1723 1138 1779 1170 sibi

1030 1197 1047 1219 a
1067 1186 1219 1220 Romanis
1243 1188 1453 1222 Pontificibus
1482 1195 1508 1222 ct
1540 1189 1621 1223 Sede
1648 1191 1779 1233 Aposto-

1030 1240 1091 1273 lica
1122 1251 1349 1275 concessarum
1370 1269 1376 1281 ,
1417 1244 1676 1287 quamplurimos
1717 1250 1778 1277 tam

1030 1294 1127 1328 laicos
1142 1306 1239 1339 quam
1256 1295 1402 1336 elericos,
1422 1301 1483 1328 tam
1502 1297 1570 1329 iure
1584 1297 1665 1329 civili
1682 1310 1778 1341 ‹piam

1029 1349 1186 1383 canonico
1204 1355 1234 1383 et
1259 1350 1431 1393 theologia,
1458 1351 1547 1383 nullo
1568 1358 1619 1384 aut
1643 1363 1705 1385 non
1723 1354 1776 1386 de-

1028 1402 1094 1437 bito
1104 1404 1398 1447 examinepracrio,
1414 1404 1597 1438 indoctoset
1611 1405 1777 1445 inhabiles,

1028 1457 1187 1499 doctores,
1210 1457 1388 1491 licentiatos
1412 1464 1439 1491 et
1463 1459 1629 1501 magistros
1655 1471 1778 1493 creasse

1028 1516 1058 1543 et
1076 1512 1284 1555 promovisse,
1303 1513 1349 1545 uti
1365 1513 1404 1545 ad
1418 1513 1587 1555 dignitates
1599 1520 1776 1558 cteteraqut·

1027 1565 1183 1599 beneficia
1208 1566 1421 1600 ecelesiastica
1441 1567 1566 1600 facilius
1580 1578 1778 1601 assumeren-

1027 1624 1079 1652 tur
1111 1625 1141 1652 et
1160 1619 1198 1652 de
1214 1619 1259 1653 eis
1275 1620 1532 1663 providerentur,
1549 1620 1579 1653 in
1596 1621 1775 1655 animarum

1026 1684 1159 1707 suarum
1198 1673 1354 1708 iacturam
1393 1680 1424 1708 et.
1460 1676 1775 1719 quamplurimorum

1026 1728 1226 1761 scandalum.

1069 1783 1084 1825 ἓ
1104 1781 1135 1815 ⁶2.
1154 1782 1216 1816 Nos
1236 1783 1602 1823 huiusmodiscandalis,
1620 1791 1775 1828 quantum

1026 1837 1057 1869 in
1073 1836 1166 1869 nobis
1181 1842 1239 1877 est,
1261 1837 1401 1878 obviare,
1424 1843 1451 1870 et
1470 1837 1548 1870 alias
1560 1849 1599 1870 ne
1615 1839 1653 1871 sle
1671 1846 1777 1872 cetero

1026 1890 1182 1923 inhabiles
1202 1891 1240 1923 ad
1266 1891 1453 1924 huiusmodi
1474 1891 1592 1935 gradus
1612 1892 1778 1926 admittan-

1026 1950 1078 1977 tur
1092 1944 1260 1989 providere
1270 1946 1424 1986 volentes,
1442 1952 1531 1979 motu
1548 1947 1693 1990 proprio,
1713 1959 1777 1981 non

1025 1998 1064 2031 ad
1084 1998 1222 2032 alicuius
1241 2010 1339 2043 super
1358 2000 1419 2033 hoe
1440 1999 1531 2033 nobis
1556 2000 1681 2034 oblatae
1702 2002 1778 2045 peti-

1025 2052 1119 2085 tionis
1139 2052 1322 2087 instantiam
1336 2081 1344 2094 ,
1367 2054 1422 2087 sed
1446 2065 1483 2087 ex
1511 2065 1599 2088 mera.
1619 2055 1776 2089 delibera-

1026 2106 1111 2140 tione
1127 2112 1215 2140 etex
1239 2112 1326 2140 certa
1355 2107 1487 2140 scientia
1516 2108 1648 2149 nostris,
1677 2121 1713 2143 ac
1738 2111 1776 2142 sle

1025 2160 1219 2204 apostolicae
1239 2162 1403 2205 potestatis
1420 2162 1629 2205 plenitudine,
1651 2164 1709 2197 bac
1722 2175 1776 2197 no-

1025 2219 1089 2247 stra
1098 2221 1255 2259 perpetuo
1269 2215 1403 2248 valitura
1415 2216 1652 2257 constitutione,
1669 2218 1777 2251 omnia

1025 2273 1051 2301 ct
1074 2269 1199 2312 singula
1220 2269 1387 2302 facultates
1412 2275 1439 2303 ct
1458 2270 1580 2303 indulta
1593 2270 1710 2304 eisdem
1725 2283 1775 2305 eo-

1025 2321 1154 2355 mitibus
1188 2334 1224 2356 ac
1258 2323 1353 2356 etiam
1386 2323 1551 2366 quibusvis
1589 2325 1774 2358 officialium

1025 2376 1187 2410 Romanae
1206 2376 1321 2410 Curiae
1333 2377 1475 2421 collegiis
1494 2377 1691 2423 singulisque
1708 2379 1777 2412 aliis

1025 2431 1181 2474 personis,
1205 2431 1439 2475 cuiuscumque
1475 2436 1574 2464 status
1592 2459 1599 2471 ‚
1634 2434 1752 2475 gradus
1768 2462 1775 2471 ,

1025 2484 1147 2519 ordinis
1167 2491 1198 2519 ct
1212 2485 1475 2529 praeeminentiac
1496 2485 1715 2527 existentibus,
1738 2488 1776 2521 ad

1025 2569 1104 2594 xxw,
1121 2569 1179 2597 cap.
1205 2569 1256 2593 xii,
1282 2564 1319 2589 Dc
1343 2562 1458 2595 Reform.
1487 2562 1678 2590 Prosossionem
1705 2565 1775 2597 littei,

1024 2610 1104 2636 quam
1127 2604 1243 2638 promoti
1263 2606 1289 2629 et
1309 2603 1410 2637 provisi
1439 2603 1561 2630 emittere
1586 2603 1693 2635 debent,
1716 2606 1775 2631 vidi·

1024 2644 1048 2670 in
1068 2643 1105 2671 Pii
1126 2644 1160 2671 lv
1176 2644 1366 2671 constitutione
1382 2652 1430 2676 cv,
1448 2645 1477 2670 ln
1496 2649 1666 2670 sacrosancta
1678 2666 1684 2676 ,
1713 2655 1761 2680 pag

1024 2683 1075 2711 525
1090 2684 1169 2712 huius
1189 2684 1262 2717 tomi,
1274 2684 1335 2711 etin
1346 2685 1453 2712 constit.
1467 2691 1521 2717 ενι,
1534 2693 1592 2720 pag.
1610 2686 1671 2717 527,
1690 2686 1751 2711 ibid.

1803 278 1849 304 An,
1867 280 1884 304 t}
1922 278 1986 307 tae*

1833 992 1897 1010 1,,111ηι
1915 998 1964 1010 11-11

1797 1024 1886 1041 cationis

1820 1797 1932 1817 “exoratio
1944 1804 1966 1819 1η

1792 1828 1894 1847 (111110111111
1903 1834 1966 1848 ercan

1793 1861 1811 1880 (11
1828 1860 1927 1881 decimes
