2237 3100
220 280 271 307 An.
287 280 316 308 C.
337 278 403 308 1560

242 550 352 571 Decretum
370 551 398 571 ir-

213 582 287 602 ritans.

239 821 311 842 Forma
327 826 346 842 ot
364 822 395 842 01-

210 853 278 874 tectus
300 855 395 881 publica-

211 888 282 906 tionis.

231 1412 339 1434 Clausulae
356 1414 391 1435 de-

205 1448 331 1470 rogatorum.

226 2394 350 2418 Publicatio.

461 272 502 306 60

1013 279 1192 305 Bt'LLAatmt
1216 278 1367 304 ROMANFM

418 336 516 369 tentia
532 335 570 368 sit
582 335 613 368 in
625 334 762 369 savorem
774 335 920 380 priorum
936 345 1168 380 possessorum,
1188 332 1193 382 Ι
1212 333 1291 365 10013
1303 330 1473 364 ati‘siniilia
1488 329 1691 372 facientibus,
1708 329 1795 363 iuxta
1819 329 1964 374 ipsarum

418 390 598 423 executioni
631 390 860 427 doniandetur,
894 390 987 423 firma
1021 395 1168 422 manente
1212 385 1379 418 literarum
1400 390 1608 427 ten01*eS‚pel'
1622 393 1681 416 nos
1699 383 1851 416 Iacobum
1867 382 1964 416 Carra

415 444 642 486 appellatione,
665 445 771 487 quoad
792 449 889 488 capnt
909 443 1136 476 devolutivum.

458 496 515 539 ξῦ.
535 497 571 529 Et
586 497 627 530 ita
645 509 702 540 per
711 509 935 541 quoscumque
949 497 1079 534 iudices,
1093 508 1169 539 qua—

413 550 457 582 vis
471 551 661 584 auctoritate
678 552 857 595 fungentes.
881 551 976 584 etiam
997 561 1167 583 causarum

413 603 522 637 Palatii
548 605 720 649 Apostolici
746 605 908 637 auditores
946 615 981 637 ac
1008 605 1038 638 S.
1067 605 1103 637 R.
1130 606 1165 639 E.

413 658 603 695 cardinales,
636 660 759 693 sublata
781 664 837 692 etc.
853 671 862 695 ,·
883 659 1010 692 irritum
1038 671 1167 704 quoque

412 716 483 753 eta,
509 713 645 747 iudicari
667 720 694 747 et
717 713 855 747 definiri.

455 767 469 807 ,ξ
490 767 520 799 o.
542 767 828 811 Praesentiumque
850 768 942 811 (quas
962 769 1024 802 vim
1044 771 1167 815 legisin

412 825 605 862 perpetuum
627 822 745 855 habere
760 822 924 865 volumus)
939 824 1040 856 solam
1061 825 1166 868 signa-

411 880 515 907 turam
536 876 694 912 sufficere,
712 882 739 909 et
763 882 931 920 postquam
943 889 1002 921 per
1018 890 1166 914 cursores

411 928 442 960 in
463 929 542 962 locis
572 931 734 963 consuetis
754 941 844 964 more
870 931 963 965 solito
985 933 1165 977 publicatae

410 982 546 1024 suerint,
570 984 673 1018 statim
695 996 806 1019 omnes
831 986 970 1024 afficere,
1000 994 1028 1020 et
1053 999 1164 1021 earum

411 1038 629 1081 transumptis,
646 1038 743 1071 unius
763 1049 799 1071 ex
815 1039 923 1071 dilecti
939 1039 996 1071 filii
1012 1042 1110 1074 nostri
1133 1042 1165 1074 in

410 1090 493 1122 alma
522 1091 606 1124 [rbe
635 1091 743 1125 vit-arii
774 1092 935 1126 iudicibus
961 1104 1058 1127 manu
1089 1096 1164 1128 sub-

409 1143 547 1188 scriptisv
559 1145 768 1189 eiusdemque
777 1146 886 1179 vicarii
896 1146 999 1190 sigillo
1014 1148 1164 1191 obsigna-

408 1197 466 1239 tis,
494 1209 559 1231 11011
591 1200 697 1232 minus
723 1211 820 1243 quam
849 1201 925 1245 ipsis
952 1202 1165 1245 originalibus

409 1252 497 1284 credi
517 1259 545 1285 et
566 1254 661 1287 tidem
682 1255 827 1288 adbiberi
844 1255 1050 1290 decernimus
1067 1262 1094 1289 et
1114 1257 1165 1290 de-

409 1305 581 1338 claramus.

451 1360 465 1402 ,ξ
487 1360 516 1392 7.
539 1361 607 1393 Non
624 1361 825 1395 obstantibus
841 1363 1024 1407 praemissis
1043 1374 1078 1397 ac
1095 1364 1165 1408 qui-

406 1411 514 1445 busvis
536 1415 836 1449 renunciationilms
853 1423 881 1450 et
899 1418 937 1451 (10
953 1429 1018 1451 11011
1039 1425 1164 1452 contra-

405 1467 561 1501 veniendo
594 1470 844 1512 obligationibus
876 1472 1016 1516 desuper
1055 1472 1161 1509 factis,

404 1521 498 1553 etiam
521 1522 721 1563 iuramento,
740 1525 826 1568 quod
843 1525 948 1567 quoad
964 1525 1026 1558 hoc
1043 1527 1163 1560 relaxa-

404 1586 488 1617 mus,
500 1577 631 1615 vallatis,
641 1577 814 1621 privilegiis
830 1590 972 1623 quoque,
985 1579 1117 1614 indultis
1133 1587 1163 1615 et,

403 1629 503 1663 literis
515 1631 710 1674 apostolicis,
725 1633 784 1665 sub
800 1633 1060 1677 quibuscumque
1076 1639 1163 1668 teno-

403 1683 492 1717 ribus
504 1691 532 1717 et
545 1685 667 1720 formis,
685 1697 720 1719 ac
734 1698 806 1719 cum
827 1686 991 1730 quibusvis
1011 1687 1159 1729 decretis,

403 1737 497 1770 etiam
520 1745 608 1772 motu
639 1740 771 1784 proprio
800 1746 827 1774 et
850 1741 983 1773 scientia
1004 1741 1162 1776 similibus

403 1794 645 1835 quomodolibet
669 1795 830 1828 concessis
849 1800 906 1828 ete.
919 1795 1042 1834 Quibus
1055 1797 1159 1829 omni-

402 1845 462 1879 bus
483 1852 513 1879 et
533 1847 666 1891 singulis
687 1848 719 1881 in
745 1849 846 1882 literis
871 1849 1025 1882 latissime
1051 1856 1160 1884 exten-

403 1899 527 1938 dendis,
551 1901 646 1934 etiam
668 1902 693 1934 si
714 1903 825 1935 deillis
846 1907 918 1939 eta,
936 1909 1065 1937 tenores
1085 1909 1156 1946 etc„

401 1953 461 1986 bac
482 1955 549 1988 vico
562 1956 737 1998 dumtaxat,
761 1957 942 2001 specialiter
962 1963 989 1991 et
1012 1969 1159 2003 expresse.

403 2007 608 2051 derogamus,
633 2011 813 2055 ceterisque
834 2012 1003 2045 contrariis
1023 2013 1159 2057 quibus-

402 2072 641 2106 cuinque,cuni
663 2065 816 2098 clausulis
837 2066 1067 2110 opportuniset
1081 2078 1159 2100 con-

402 2122 511 2150 suetis.

578 2172 658 2208 Fiat,
678 2179 767 2207 motu
787 2174 932 2218 proprio.
956 2176 978 2208 Ι.

444 2224 560 2258 Datum
581 2225 702 2260 Romae
722 2228 808 2271 apud
830 2228 983 2262 Sanctum
1005 2229 1158 2270 Marcum,

403 2279 494 2313 tertio
511 2280 582 2313 idus
599 2281 807 2325 septembris,
825 2293 911 2316 anno
936 2294 956 2316 1.

444 2334 536 2367 Anno
562 2345 579 2367 a
605 2335 770 2369 Nativitate
799 2336 926 2369 Domini
951 2346 1047 2377 notx,
1076 2335 1158 2369 indi-

402 2387 507 2421 ctione
528 2398 573 2429 111,
586 2388 720 2423 diei-ero
739 2400 811 2422 xxn'
827 2389 946 2423 mensis
955 2390 1158 2435 septembris,

402 2442 609 2485 pontificatus
630 2443 821 2476 sanctissimi
848 2444 881 2477 in
908 2444 1034 2477 Christo
1060 2445 1160 2488 patris

402 2491 476 2523 etD.
494 2491 529 2523 N.
552 2492 587 2524 D.
608 2492 656 2524 Pii
672 2492 777 2525 divina
788 2492 989 2536 providentia
1006 2493 1110 2537 Papae
1123 2494 1159 2526 IV

402 2550 486 2572 anno
508 2550 528 2581 1,
552 2541 779 2585 retroscriptae
791 2541 902 2574 literae
919 2542 1030 2574 affixae
1051 2546 1081 2574 et
1097 2553 1158 2585 pu-

401 2588 537 2621 blicatae
550 2590 679 2622 suerunt
692 2590 723 2622 in
735 2589 803 2623 acie
813 2590 923 2633 Campi
935 2589 1047 2623 Florae
1059 2601 1095 2623 ac
1108 2590 1159 2622 ba-

400 2637 509 2671 silicae
528 2638 687 2682 Prinoipis
706 2639 935 2683 Apostolorum
951 2644 981 2672 et
999 2638 1160 2672 (3311001111-

400 2687 465 2721 riae
476 2687 678 2731 Apostolicae
688 2688 784 2722 valvis
794 2698 851 2722 seu
860 2687 973 2732 portis,
992 2692 1158 2732 tamquam

1212 445 1238 471 et
1257 439 1424 472 Nicolaum
1445 438 1483 471 de
1500 436 1674 478 Matthaeis,
1694 447 1854 471 cursores.

1255 493 1389 525 Ioannes
1403 491 1544 535 Magnus,
1562 490 1713 534 magister
1732 502 1915 525 cursorum.

1234 549 1295 580 Dat.
1318 550 1364 580 die
1389 550 1421 579 rll
1448 549 1627 589 septembris
1646 549 1732 587 1560,
1748 554 1827 590 pont.
1853 558 1899 579 an.
1915 557 1933 578 1.

1546 711 1622 745 XIV.

1209 787 1329 820 Forma
1346 787 1561 821 contrahendi
1579 789 1615 820 in
1634 787 1729 821 Statu
1739 788 1963 822 Ecclesiastico

1252 842 1416 874 societates
1436 841 1532 885 officii
1552 845 1754 885 aumapatas
1773 841 1799 874 1.

1334 923 1393 952 Pius
1411 923 1483 960 Papa
1498 923 1540 957 IV,
1559 924 1637 952 motu
1653 923 1774 959 proprio.
1794 925 1850 953 etc.

1252 995 1341 1031 Cum,
1359 995 1439 1028 sicut
1451 994 1646 1039 accepimus,
1657 994 1757 1028 felicis
1767 995 1962 1029 recordatio-

1208 1047 1256 1080 nis
1276 1048 1394 1081 Paulus
1414 1049 1499 1093 Papa
1518 1049 1566 1089 IV,
1585 1049 1813 1093 praedecessor
1832 1055 1958 1092 noster,

1208 1102 1303 1135 certis
1324 1108 1401 1136 111110
1423 1104 1579 1147 expressis
1604 1103 1708 1136 causis
1728 1109 1846 1145 motus,
1873 1104 1960 1149 quod

1207 1157 1328 1197 nullus,
1346 1162 1410 1189 tam
1431 1157 1463 1190 111
1484 1157 1579 1191 Curia
1594 1168 1691 1201 quam
1710 1158 1743 1191 in
1759 1163 1825 1192 tota
1840 1158 1960 1193 ditione

1208 1210 1398 1251 ecclesiast„
1418 1211 1575 1252 officialis,
1590 1212 1825 1257 cuiuscumque
1846 1217 1958 1255 statuS,

1206 1265 1336 1307 gradus,
1360 1265 1492 1307 ordinis,
1515 1265 1694 1309 dignitatis,
1717 1266 1910 1300 conditionis
1930 1273 1960 1300 et

1207 1318 1470 1363 praemittendae
1487 1319 1646 1361 existeret,
1664 1325 1742 1353 tunc
1757 1326 1788 1354 et
1803 1332 1861 1365 pro
1881 1326 1961 1354 tem-

1208 1383 1284 1416 pore
1300 1373 1441 1417 aliquam
1454 1374 1639 1408 societatem
1653 1385 1751 1419 super
1769 1374 1878 1419 aliquo
1903 1386 1959 1409 seu

1207 1427 1369 1470 aliquibus
1381 1439 1417 1460 ex
1429 1428 1543 1461 officiis
1558 1428 1597 1461 ad
1614 1433 1692 1461 tunc
1708 1439 1799 1462 suam
1821 1440 1877 1462 seu
1903 1429 1959 1463 Se-

1206 1480 1253 1512 dis
1281 1486 1332 1513 aut
1360 1481 1512 1515 Gamerae
1540 1482 1743 1526 Apostolicae
1770 1493 1827 1515 seu
1855 1493 1960 1516 came-

1205 1534 1555 1577 rarii,vicecamerarii,
1574 1535 1812 1580 poenitentiarii
1828 1535 1960 1569 maioris

1206 1593 1232 1619 et
1259 1599 1430 1621 causarum
1457 1589 1568 1621 Palatii
1602 1589 1779 1633 Apostolici
1802 1589 1959 1623 auditoris

1205 1641 1449 1685 dispositionem
1458 1643 1699 1686 quomodolibet
1709 1643 1956 1687 pertinentibus,

1204 1706 1287 1738 quae
1310 1696 1402 1729 rendi
1427 1702 1675 1738 consueverunt,
1702 1707 1859 1751 perteum
1874 1697 1958 1730 obti-

1205 1755 1326 1791 nentes,
1338 1756 1554 1794 protempore
1576 1762 1649 1784 cum
1670 1751 1778 1794 aliqua
1802 1750 1864 1784 alia
1883 1762 1958 1796 per-

1204 1814 1281 1837 sona
1302 1815 1356 1837 seu
1374 1805 1531 1848 personis,
1553 1805 1731 1846 communi,
1750 1805 1886 1848 collegio
1902 1816 1958 1838 seu

1203 1858 1422 1900 universitate,
1440 1858 1499 1891 nisi
1512 1859 1727 1903 praecedente
1739 1858 1903 1902 signatura
1919 1858 1959 1892 ab

1203 1922 1241 1945 eo
1275 1923 1330 1945 seu
1362 1912 1507 1945 Romano
1536 1913 1691 1946 Pontifice
1723 1923 1783 1957 pro
1813 1917 1959 1958 tempore

1203 1965 1356 1999 existente
1374 1967 1515 2007 obtenta,
1535 1966 1568 1999 in
1584 1977 1647 2010 qua
1668 1971 1760 2010 pacta
1777 1971 1807 2000 01,
1824 1977 1960 2000 conven-

1203 2020 1306 2053 tiones
1316 2020 1457 2064 partium
1468 2020 1603 2065 exprimi
1615 2020 1782 2061 deberent,
1793 2031 1852 2064 pro
1866 2020 1959 2053 cuius

1203 2073 1404 2117 expeditione
1424 2079 1455 2107 et
1472 2080 1559 2107 certa
1586 2073 1793 2107 advocatione
1814 2074 1958 2108 medium

1203 2137 1262 2171 pro
1279 2128 1464 2161 centenario
1479 2127 1625 2171 quolibet
1648 2133 1890 2162 scutorum'seu
1901 2129 1959 2161 du-

1203 2186 1349 2215 catorum
1370 2187 1541 2226 cogeretur
1558 2182 1693 2223 3011010,
1715 2181 1799 2215 inire
1822 2193 1957 2227 praesu-

1202 2241 1315 2276 meret,
1334 2242 1364 2269 et
1379 2236 1546 2269 societates
1563 2236 1657 2269 aliter
1680 2247 1777 2281 quam
1795 2235 1840 2270 sio
1859 2235 1956 2269 initae

1202 2300 1266 2322 non
1283 2290 1437 2331 valerent,
1457 2296 1488 2323 et.
1507 2300 1620 2323 earum
1641 2295 1807 2335 praetextu
1825 2289 1876 2333 agi
1890 2300 1956 2323 non

1202 2354 1308 2387 posse,
1337 2350 1365 2377 et
1392 2344 1500 2378 forsan
1525 2345 1587 2377 alia
1620 2350 1697 2378 tunc
1726 2355 1874 2389 expressa
1897 2354 1955 2377 sua

1202 2399 1449 2441 constitutione,
1468 2405 1560 2433 motu
1580 2399 1732 2444 proprio,
1755 2398 1815 2432 sub
1838 2398 1955 2432 Datum

1201 2451 1320 2485 Romae
1341 2453 1426 2497 apud
1450 2453 1603 2486 Sanctum
1623 2453 1782 2494 Marcum,
1804 2462 1890 2485 auno
1906 2452 1956 2485 In-

1238 2520 1249 2545 1
1278 2519 1361 2546 Aliam
1387 2519 1506 2547 ediderat
1530 2520 1731 2556 dispositionem
1757 2519 1854 2548 Paulus
1872 2519 1908 2546 IV
1927 2519 1955 2546 in

1201 2563 1257 2590 eius
1268 2565 1458 2592 constitutione
1468 2573 1533 2598 vin,
1546 2567 1621 2592 Inter
1631 2568 1731 2591 ceteras
1741 2585 1748 2597 ,
1764 2568 1830 2592 tom.
1842 2571 1882 2598 vi,
1893 2572 1954 2600 pag.

1201 2608 1264 2641 505,
1275 2609 1443 2644 proutaliam
1459 2618 1568 2645 quoque
1584 2609 1704 2637 edixerat
1720 2609 1772 2636 Leo
1788 2617 1817 2642 x,
1839 2609 1882 2636 die
1905 2616 1956 2636 xvi

1200 2653 1311 2679 ianuarii
1330 2654 1405 2684 15111,
1423 2654 1469 2681 sed
1486 2653 1581 2681 Leonis
1597 2653 1706 2687 bullam,
1724 2653 1807 2682 veluti
1825 2654 1850 2680 in
1869 2656 1954 2680 totum

1199 2697 1375 2732 antiquatam,
1388 2698 1480 2726 volens
1491 2697 1668 2734 praetermisi.

1980 274 2030 300 An.
2047 271 2076 300 C.
2095 273 2163 305 1560

2002 1002 2080 1024 Paulus
2086 1001 2115 1023 tv
2123 1006 2165 1024 tra-

1976 1034 2028 1055 didit.
2074 1034 2162 1056 formam

1976 1065 2115 1087 contrahendi
2130 1071 2163 1086 so-

1977 1097 2066 1118 cietates
2082 1096 2162 1118 officio-

1976 1134 2020 1149 rum
2050 1134 2164 1154 nuncupa-

1977 1162 2021 1184 tas,
2042 1162 2065 1179 ut.
2079 1159 2100 1179 iu
2115 1159 2162 1179 eius

1976 1191 2087 1213 constitut.
2104 1189 2163 1210 Inter

1976 1224 2062 1242 ceteras.
