2237 3100
46 283 96 312 An.
113 282 142 311 C.
163 284 228 313 1561

247 339 446 381 huiusmodi,
459 340 675 375 mediantibus
689 342 886 386 proxenetis,
904 353 1007 377 sensa-

247 393 333 427 libus
352 395 560 439 nuncupatis,
583 397 799 441 cauponibus,
812 397 1005 441 hospitibus,

246 447 437 482 tabernariis
453 460 489 482 ac
505 449 575 483 aliis
595 450 793 484 diversarum
815 452 1005 494 qualitatum

245 501 402 544 personis,
423 513 441 535 a
465 503 585 546 quibus
605 504 668 537 vini
689 505 807 538 venditi
834 505 928 549 pretii
954 516 1005 538 so-

245 554 325 588 lutio
350 566 406 588 seu
432 556 555 590 exactio
581 557 717 591 nimium
745 559 834 591 tarda
866 564 895 591 et
926 559 1006 591 diffi-

245 607 316 641 cilis
335 608 451 650 existit,
473 611 624 646 vendere:
638 617 668 644 et
678 612 804 652 deinde,
818 623 875 656 pro
895 612 1006 645 huius-

245 661 332 694 modi
357 663 460 706 pretio
482 666 721 708 recuperando,
740 676 920 709 caupones,
934 667 1007 699 hos-

245 714 338 758 pites,
360 716 563 750 tabernarios
582 728 619 751 ac
645 729 800 762 personas
818 719 1006 753 huiusmodi

245 768 285 801 ad
314 768 470 803 iudicium
495 781 645 811 evocare3
672 783 709 806 ac
738 772 872 816 proinde
905 773 1007 806 varias

245 820 316 855 lites
335 827 366 855 et
393 825 606 868 quamplures
626 830 774 869 sumptus
798 832 829 859 et
854 837 1008 870 expensas

246 875 369 917 subire,
398 885 627 920 procuratores
658 890 731 912 cum
759 879 933 913 menstruis
958 891 1007 912 sa-

246 928 335 962 lariis
346 929 379 962 in
388 930 471 963 dicta
482 931 566 965 Urbe
579 932 774 966 constituere
787 938 815 966 et
825 933 1008 977 relinquere

247 989 425 1026 cogantur,
461 995 498 1017 ac
528 985 656 1028 saepius
690 986 785 1019 etiam
820 997 1005 1031 caupones,

249 1035 405 1081 hospites,
428 1038 629 1072 tabernarios
655 1050 691 1072 ac
716 1050 869 1082 personas
898 1040 1009 1073 huius-

246 1090 333 1123 modi
370 1091 482 1125 dolose
512 1097 542 1125 et
568 1093 792 1126 fraudulenter
823 1094 1006 1133 decoxisse,

246 1143 352 1177 solum
372 1145 514 1185 vertisse,
536 1145 606 1179 soro
634 1146 765 1180 cessisse
780 1173 787 1187 ‚
809 1152 905 1191 atquc
931 1148 1009 1181 alias

245 1197 396 1231 solvendo
422 1209 488 1232 non
513 1209 581 1232 esse
608 1199 786 1237 inveniant:
815 1211 880 1243 quo
910 1201 945 1234 fit
974 1207 1010 1234 ut

246 1251 421 1294 negotiatio
449 1252 535 1285 circa
555 1252 647 1293 haec,
670 1264 786 1297 magna
803 1265 876 1287 cum
894 1265 1008 1288 eorum

246 1303 379 1347 iactura,
400 1307 539 1339 multum
561 1306 756 1350 impediatur
767 1312 797 1340 et
812 1308 1006 1348 retardetur,

246 1369 284 1391 ac
304 1359 365 1403 ipsi
379 1360 452 1393 vina
473 1360 745 1404 praedictalonge
766 1361 900 1395 dimidio
912 1362 1008 1395 etiam

247 1413 355 1446 carius
387 1414 524 1447 vendere
554 1413 816 1457 adstringantur,
853 1414 885 1447 in
914 1426 1007 1459 grave

247 1467 345 1500 totius
365 1467 459 1501 Urbis
474 1477 511 1500 ac
536 1467 623 1501 illius
648 1473 680 1500 et
708 1468 898 1511 praesertim
927 1480 1008 1512 pan-

247 1530 363 1564 perum
392 1521 573 1554 incolarum
604 1520 732 1554 evidens
761 1520 1003 1556 detrimentum.

246 1573 284 1607 Et
309 1580 483 1620 propterea
515 1573 575 1618 ipsi
612 1585 668 1608 seu
700 1585 814 1607 eorum
848 1575 951 1608 maior
978 1582 1007 1609 et

247 1629 356 1662 sanior
374 1640 449 1673 pars
469 1628 556 1672 apud
575 1638 634 1661 nos
654 1633 690 1661 ut
705 1627 750 1661 eis
770 1628 803 1661 in
824 1630 1008 1672 praemissis

247 1682 286 1716 de
306 1688 489 1726 opportuno
514 1681 658 1715 remedio
685 1682 851 1725 providere
874 1683 1008 1716 velimus

247 1736 454 1770 vehementer
465 1736 629 1775 instantes,
641 1736 666 1768 si
676 1741 804 1768 nostrae
817 1737 1008 1780 provisionis

248 1790 366 1823 auxilio
387 1791 426 1823 ab
446 1789 566 1823 eisde‘n
593 1790 719 1822 damnis
744 1796 775 1822 et
794 1789 1008 1824 incomnwdis

247 1843 373 1877 liberati
393 1844 524 1884 fuerint,
546 1844 642 1883 ultro,
660 1854 846 1887 percorum
868 1844 1008 1887 propriis

247 1897 397 1930 manibus
416 1897 614 1941 subscriptas
634 1897 843 1941 syngraphas,
866 1897 958 1930 nobis
978 1904 1009 1931 et

246 1950 398 1984 Gamerae
437 1951 638 1995 Apostolicae
679 1951 843 1995 perpetuis
892 1950 1008 1984 suturis

247 2005 460 2049 temporibus,
484 2004 707 2048 proimpensis
727 2004 822 2037 ctiam
844 2004 1007 2038 ministro-

249 2068 320 2091 rum
340 2058 373 2091 in
394 2058 579 2102 praemissis
594 2057 781 2097 subeundis,
801 2063 941 2101 quatuor
956 2058 1006 2091 iu-

248 2111 307 2145 lios
335 2122 393 2155 pro
423 2111 564 2154 quolibet
600 2111 688 2144 dolio
721 2111 782 2143 vini
819 2111 1005 2152 ordinario,

249 2165 333 2198 ultra
348 2175 461 2198 omnes
478 2164 555 2197 alias
571 2164 803 2208 praestationes
823 2170 851 2197 et
875 2166 1006 2199 solutio-

248 2229 304 2252 nes
329 2219 368 2251 ad
391 2218 471 2251 haec
498 2229 602 2262 usque
622 2224 770 2262 tempora
795 2218 1005 2261 introductas,

249 2283 280 2306 se
313 2273 478 2306 soluturos
497 2272 645 2311 offerant,
669 2278 697 2304 et
724 2272 818 2315 longe
848 2283 916 2306 esse
947 2274 1006 2306 mi-

248 2337 361 2360 norem
379 2337 469 2360 snam
490 2326 573 2358 lianc
593 2330 733 2369 quatuor
744 2325 895 2359 iuliorum
916 2338 1007 2371 prae-

249 2380 430 2420 stationem,
449 2390 546 2424 quam
567 2384 613 2412 tot
640 2384 666 2412 et
694 2385 780 2412 tanta
804 2379 1007 2415 incommoda

249 2435 377 2477 quaein
388 2434 456 2467 dies
467 2433 575 2467 subire
587 2432 841 2476 compelluntur,
855 2439 1007 2468 attesten-

250 2488 314 2524 tur,
337 2494 374 2516 ac
398 2483 532 2517 sublatis
551 2482 888 2523 dictisincommodis,
911 2484 1006 2517 etiam

250 2534 352 2566 multo
371 2533 475 2567 viliori
493 2532 594 2577 pretio
615 2532 687 2565 vina
698 2543 755 2565 sua
765 2533 902 2566 vendere
915 2544 1007 2578 posse

249 2583 419 2616 affirment.

294 2631 309 2675 g
337 2631 368 2664 ΕΞ.
405 2631 468 2664 Nos
509 2631 618 2674 igitur,
650 2631 779 2664 eosdem
817 2637 930 2665 nautas
976 2638 1007 2665 et

250 2687 446 2715 mercatores
467 2681 660 2724 specialibus
688 2680 850 2714 favoribus
884 2686 913 2714 et
933 2692 1006 2725 gra-

917 288 985 313 Plus
1008 287 1039 313 IV
1062 288 1110 312 1³1³.

1694 281 1759 316 149
1822 291 1870 317 An.
1891 291 1921 319 c.
1943 292 2008 320 ¹561

1051 342 1102 374 tiis
1130 341 1304 386 prosequi,
1336 352 1373 375 ac
1399 351 1512 375 eorum
1546 342 1745 378 indemnitati
1776 351 1806 379 ot
1836 347 2005 375 P⁰¹¹¹ife¹÷s¹¹u=·

1050 394 1199 439 publicae
1228 395 1370 437 utilitati,
1399 401 1555 440 quantum
1587 396 1619 429 in
1639 398 1733 432 nobis
1749 405 1804 438 est,
1822 383 1966 445 'iie'ssflsiossum
1978 384 2011 431 51³}

1050 450 1219 492 providere
1244 450 1404 490 volentes,
1435 461 1472 483 ac
1492 450 1601 483 omnia
1622 456 1653 484 et
1680 452 1806 496 singula
1822 444 2010 493 ssssffiecu‘ssssffflffi

1049 503 1214 547 privilegia
1244 509 1274 537 et
1303 504 1523 547 hypothecas,
1556 508 1619 536 tam
1661 506 1699 539 de
1737 503 2011 562 5¹¹¹'⁰{2?‡i¹2¹⁰¹'d⁰5'p‘,¹ss{

1049 567 1145 599 quam
1159 556 1716 599 consuetudine,eisquomodolibet.
1728 571 1807 594 con·
1824 568 1954 591 proxenfflas
1975 569 2010 586 ιε-

1049 621 1153 644 ccssas
1177 617 1207 645 et
1232 616 1472 655 competenteS,
1501 621 1643 654 quorum
1679 600 2012 650 tenoresffirivpern⁰mi³1sess¹ss

1050 666 1274 707 praesentibus
1299 665 1410 698 haberi
1431 665 1581 697 volumus
1601 677 1661 709 pro
1677 678 1807 711 expres·
1825 658 1994 715 qn¹²³³³''¹¹¹³”⁵'

1840 689 1906 708 nando
1924 692 2010 715 empto-

1049 717 1102 758 sis,
1118 719 1234 751 harum
1248 719 1328 752 serie
1346 718 1563 762 approbantes
1575 724 1603 751 et
1622 719 1809 755 innovantes
1826 725 1861 740 '⁰⁵
1872 720 1957 740 ⁵⁰¹‘0ffl
1974 725 2012 740 ¹⁶·

1826 754 1900 770 cusani
1925 751 1959 771 vel
1979 752 2012 770 dt-

1049 781 1085 804 ac
1101 772 1140 805 de
1161 783 1243 805 novo
1269 772 1500 809 concedentes;
1523 782 1650 806 necnon
1672 785 1730 818 per
1756 786 1810 808 eos
1825 781 1876 817 uuo
1907 782 1962 802 unsa
1986 781 2011 802 ρο

1049 825 1142 858 nobis
1167 827 1283 859 saetam
1313 826 1509 859 oblationem
1532 826 1729 869 praedictam
1755 839 1808 862 ac·
1825 813 2012 871 gffffsiffi‘icnep'ssii

1050 884 1225 922 ceptantes,
1249 886 1416 923 ratamque
1435 886 1463 913 et
1490 886 1613 923 gratam
1641 880 1807 924 habentes,
1825 876 1992 900 “¹⁶¹⁰“²⁰¹⁵b¹¹⁵²

1050 942 1085 964 ac
1111 932 1207 965 simul
1224 933 1419 966 laudabilem
1441 934 1519 966 alias
1540 935 1572 967 in
1592 934 1654 974 his,
1669 940 1704 967 ut
1716 936 1809 979 plene

1050 985 1199 1019 novimus
1223 986 1447 1020 introductum
1463 1015 1470 1028 ,
1502 987 1574 1021 licet
1602 990 1808 1031 postmodum

1051 1032 1284 1073 nonnullorum
1312 1041 1359 1073 vel
1395 1040 1519 1074 incuria
1566 1042 1613 1075 vel
1643 1044 1811 1077 fraudibus

1051 1098 1081 1124 et
1098 1093 1228 1126 malitiis
1247 1105 1264 1126 a
1285 1094 1480 1138 quibusdam
1511 1095 1603 1127 annis
1628 1095 1707 1129 citra
1729 1099 1811 1131 male

1051 1144 1266 1185 observatum,
1289 1158 1397 1187 usum,
1413 1158 1578 1191 perquem
1600 1156 1810 1193 proxenetae,

1051 1209 1191 1242 quorum
1214 1211 1312 1244 opera
1336 1201 1407 1234 vina
1429 1201 1556 1234 vendita
1581 1202 1720 1243 fuerant,
1740 1210 1810 1248 post

1051 1252 1166 1285 trinam
1195 1254 1439 1298 requisitionem
1460 1254 1591 1288 illorum
1613 1257 1814 1301 emptoribus

1051 1305 1179 1347 factam,
1201 1308 1240 1340 ad
1258 1308 1388 1341 totalem
1415 1308 1508 1352 pretii
1535 1309 1728 1343 solutionem
1750 1311 1811 1345 eis-

1051 1359 1123 1392 dem
1144 1361 1366 1394 venditoribus
1385 1362 1591 1402 tenebantur,
1613 1364 1811 1407 amplecten-

1052 1418 1109 1453 tes,
1124 1414 1335 1447 consideratis
1347 1415 1438 1458 prius
1449 1420 1564 1448 natura
1576 1417 1715 1460 negocii,
1729 1429 1812 1462 quae

1050 1465 1083 1499 in
1113 1468 1210 1500 celeri
1236 1468 1439 1512 expeditione
1469 1469 1633 1511 consistit,
1665 1481 1701 1504 ac
1724 1472 1810 1516 ipso—

1051 1530 1122 1553 rum
1152 1527 1325 1554 nautarum
1352 1526 1383 1555 et
1412 1527 1629 1556 mercatorum
1654 1535 1692 1557 ac
1720 1526 1812 1559 adve»

1050 1584 1166 1607 narum
1188 1580 1218 1608 et.
1238 1575 1375 1608 aliarum
1401 1585 1615 1619 personarum
1641 1577 1674 1610 in
1699 1580 1811 1613 eadem

1050 1628 1134 1661 Urbe
1155 1629 1340 1671 degentium
1354 1656 1361 1669 ,
1385 1640 1421 1663 ac
1449 1640 1523 1663 cum
1544 1630 1590 1663 eis
1617 1633 1811 1667 contrahen-

1051 1681 1129 1713 tium
1142 1682 1333 1725 ignorantia,
1349 1682 1563 1727 publicaeque
1577 1684 1722 1719 utilitatis
1733 1697 1811 1720 con-

1051 1735 1241 1774 servatione,
1264 1746 1392 1770 necnon
1413 1736 1517 1770 dictae
1538 1738 1632 1771 Urbis
1652 1740 1811 1773 excellen-

1051 1789 1104 1829 tia,
1123 1800 1205 1833 quae
1218 1790 1365 1833 pluribus
1380 1789 1555 1834 privilegiis
1566 1802 1583 1823 a
1604 1792 1737 1826 diversis
1752 1795 1813 1829 Ro—

1051 1842 1154 1875 manis
1187 1843 1397 1877 Pontificibus
1426 1845 1731 1888 praedecessoribus
1754 1859 1812 1882 no-

1050 1897 1122 1929 stris
1137 1897 1287 1930 dccorata
1309 1897 1378 1938 fuit,
1397 1903 1425 1930 et
1448 1898 1563 1931 deinde
1583 1899 1691 1933 habita
1715 1913 1813 1946 super

1049 1949 1099 1982 his
1115 1961 1187 1982 cum
1210 1951 1342 1984 diversis
1366 1951 1476 1996 probis
1499 1952 1586 1993 viris,
1609 1954 1727 1988 horum
1747 1967 1813 1989 otn-

1050 2003 1139 2036 nium
1170 2005 1301 2047 peritis,
1333 2005 1566 2038 deliberatione
1607 2013 1743 2049 matura,
1776 2021 1811 2043 ex

1050 2063 1136 2090 certa
1148 2062 1256 2090 nostra
1268 2058 1411 2099 scientia,
1424 2059 1614 2093 auctoritate
1626 2063 1811 2105 apostolica,

1050 2115 1160 2144 tenore
1186 2111 1417 2155 praesentium,
1439 2114 1610 2146 statuimus
1635 2121 1663 2148 et
1685 2116 1813 2150 ordina-

1050 2174 1122 2196 mus
1146 2165 1233 2208 quod
1268 2165 1306 2198 de
1341 2171 1461 2207 cetero,
1494 2168 1660 2212 perpetuis
1697 2169 1813 2203 futuris

1049 2219 1259 2261 temporibus,
1284 2230 1344 2262 pro
1370 2226 1516 2263 tempore
1541 2222 1710 2255 existentes
1734 2234 1811 2267 pro—

1049 2278 1191 2313 xeuetae,
1208 2273 1263 2316 qui
1283 2273 1426 2315 quotidie
1439 2273 1471 2306 in
1490 2274 1574 2308 dicta
1590 2275 1671 2319 Ripa
1686 2286 1811 2310 versan-

1050 2330 1113 2366 tur,
1136 2326 1257 2371 quique
1278 2337 1454 2371 caupones,
1479 2329 1679 2362 tabernarios
1699 2336 1729 2363 et
1751 2331 1810 2364 ho-

1050 2380 1147 2423 spites
1176 2392 1213 2413 ac
1251 2380 1329 2413 alias·
1362 2392 1518 2425 personas
1554 2383 1743 2417 huiusmodi
1778 2384 1811 2417 in

1050 2434 1162 2467 eadem
1188 2435 1271 2468 Urbe
1303 2435 1465 2478 degentes,
1496 2447 1579 2480 quae
1607 2448 1666 2481 per
1696 2449 1810 2471 eorum

1050 2494 1166 2517 manus
1176 2483 1248 2517 vina
1260 2485 1300 2517 ab
1312 2484 1433 2518 eisdem
1450 2486 1558 2519 nautis
1578 2492 1609 2520 et
1624 2488 1810 2521 mercatori—

1050 2533 1109 2565 bus
1121 2539 1245 2573 emunt,
1264 2545 1321 2576 per
1334 2534 1519 2567 continuam
1533 2546 1589 2569 seu
1608 2537 1808 2579 frequentem

1050 2587 1080 2614 et.
1100 2582 1294 2615 circularem
1320 2594 1393 2616 cum
1422 2583 1486 2624 eis,
1519 2584 1642 2618 ratione
1668 2586 1809 2619 exercitii

1050 2641 1164 2664 eorum
1194 2632 1308 2671 officii,
1331 2643 1367 2665 ac
1389 2644 1463 2665 cum
1490 2633 1560 2666 aliis
1584 2635 1730 2678 personis
1757 2636 1810 2668 han

1049 2679 1146 2713 bitam
1187 2681 1463 2716 conversationem
1498 2693 1534 2716 ac
1570 2684 1806 2725 tractationem,
