2237 3100
61 237 113 266 An.
129 237 159 265 C.
179 235 246 265 1568

939 236 1006 262 PIUS
1030 236 1049 260 V
1072 236 1120 261 PP.

62 298 132 326 oppidi
155 298 176 319 s.
201 296 246 319 Gu—
261 287 399 321 mendae
425 287 610 322 monasterii
626 288 659 322 S.
675 288 791 322 Mariae
807 288 1016 330 Macularum,
1059 298 1269 332 quacumque
1303 287 1366 321 alia
1386 286 1579 321 commenda
1601 291 1657 321 aut
1680 287 1816 332 disposi-

62 330 124 352 nesii.

260 340 322 374 loci
349 341 380 375 S.
411 340 550 382 Genesii,
569 341 599 375 S.
628 342 791 375 Benedicti
810 343 858 376 vel
884 343 1017 376 alterius

258 393 398 433 Ordinis,
434 394 673 428 Camerinensis
706 395 881 437 dioecesis,
917 407 1014 440 quam

257 447 327 491 ipse
346 447 402 491 qui
418 446 498 480 illud
515 458 552 480 ex
572 448 812 491 dispensatione
839 450 1015 492 apostolica

257 509 364 544 nuper
389 500 566 541 obtinebat,
595 511 652 534 seu
679 501 757 533 alias
790 501 896 544 ipsum
927 507 1014 535 certo

258 553 354 586 modo
382 564 507 594 vacanS,
539 564 598 598 per
627 565 723 594 eum,
741 554 848 598 quoad
874 554 1012 595 viveret,

257 606 454 647 tenendum,
482 607 661 650 regendum
700 612 731 639 et
764 607 1012 649 gubernandum

256 659 435 703 apostolica
454 660 645 693 auctoritate
666 660 928 693 commendatum
946 661 1014 694 sue-

257 717 317 754 cat,
335 723 462 745 necnon
478 713 525 745 liti
541 718 571 745 et
587 723 702 746 causae
716 713 823 746 forsan
838 713 920 746 inter
937 724 1011 747 enm

256 770 287 798 et
310 765 410 798 alium
432 776 488 799 seu
513 766 606 806 alios,
628 765 660 798 in
681 767 825 799 Romana
845 766 942 800 Curia
963 768 1011 801 vel

255 822 343 851 extra
354 828 438 859 eam,
453 823 483 851 et
499 818 594 852 etiam
612 829 721 852 coram
734 819 827 852 nobis
844 821 1009 862 pendenti,

254 881 292 904 ac
317 871 406 904 omni
427 871 489 904 iuri
510 871 569 904 sibi
590 871 622 904 in
642 871 800 914 regimine
825 878 856 905 et
875 873 1012 905 admini-

253 924 409 957 stratione
429 924 506 958 dicti
526 925 712 958 monasterii
732 926 780 958 vel
796 925 835 957 ad
865 926 918 958 illa
933 937 1011 969 quo-

253 976 431 1010 modolibet
451 977 660 1021 competenti,
679 977 789 1010 habita
814 979 863 1011 vel
886 989 951 1012 non
971 979 1009 1012 il-

251 1030 360 1063 lorum
392 1031 609 1074 possessione,
645 1031 678 1063 in
712 1030 861 1064 manibus
891 1032 1010 1065 nostris

251 1088 366 1126 sponte
387 1093 424 1116 ae
448 1083 550 1117 libere
570 1083 714 1124 cesserit,
739 1094 864 1127 nosque
889 1085 1009 1118 cessio-

251 1146 326 1169 nem
346 1136 533 1170 huiusmodi
554 1136 741 1170 duxerimus
764 1137 1007 1178 admittemlam,

249 1199 309 1222 nos
323 1189 384 1222 hac
397 1189 490 1223 nobis
506 1189 613 1223 oblata
628 1190 802 1223 vacationis
823 1191 1006 1232 occasione,

249 1241 411 1275 dictorum
433 1253 486 1276 sex
506 1243 832 1287 poenitentiariorum
848 1250 1007 1277 sustenta-

250 1294 329 1328 tioni
354 1300 385 1328 et
413 1295 483 1329 aliis
503 1296 694 1329 necessariis
719 1296 923 1329 commodius
944 1302 1006 1330 sta-

249 1347 412 1392 biliusque
432 1348 615 1392 providere,
638 1359 675 1382 ac
695 1348 791 1382 simul
812 1359 870 1382 nos
890 1360 927 1382 ac
947 1349 1006 1383 Ca-

249 1411 372 1434 meram
392 1402 613 1446 Apostolicam
634 1402 812 1445 praefatam
823 1403 1006 1446 provisione

247 1455 494 1499 quamprimum
508 1466 684 1489 exonerare
695 1456 858 1497 volentes3
878 1466 1005 1490 necnon

247 1519 359 1542 verum
379 1515 409 1543 et
429 1509 580 1542 ultimum
601 1509 678 1543 dicti
703 1509 891 1543 monasterii
911 1521 1004 1544 vaca-

247 1562 343 1595 tionis
367 1562 513 1604 modum,
545 1562 603 1596 etsi
624 1573 662 1595 ex
691 1563 747 1596 illo
767 1563 928 1605 generalis
952 1574 1004 1597 re-

245 1615 381 1649 servatio
411 1615 507 1649 etiam
549 1615 582 1648 in
611 1626 747 1658 corpore
775 1616 855 1649 iuris
896 1617 1004 1650 clausa

245 1669 391 1709 resultet,
414 1679 474 1713 pro
494 1679 645 1712 expresso
665 1669 833 1710 habentes,
860 1675 951 1703 motu
964 1671 1004 1703 si-

245 1721 314 1754 mili
357 1726 388 1755 et
416 1732 454 1755 ex
474 1727 561 1755 certa
589 1722 723 1755 scientia
748 1727 870 1763 nostra,
898 1723 1002 1766 dequo

244 1775 440 1819 apostolicae
460 1775 626 1820 potestatis
646 1775 865 1819 plenitudine,
889 1787 1001 1809 mona-

244 1828 379 1862 sterium
399 1829 603 1873 praefatum„
615 1829 703 1873 quod
724 1834 883 1862 conventu
900 1836 999 1870 caret,

244 1881 404 1925 cuiusque
425 1887 455 1915 et
481 1882 678 1926 parochialis
703 1883 859 1915 eeclesiae
885 1883 916 1916 S.
944 1884 1000 1916 Mi-

243 1935 364 1968 chaelis
398 1935 476 1968 delle
503 1936 600 1980 Ripe,
623 1935 727 1969 dictae
762 1935 937 1977 dioecesis,
970 1942 1001 1969 et,

243 1988 351 2021 forsan
382 1988 520 2021 aliorum
550 1988 597 2021 illi
631 1998 831 2022 annexorum
861 1988 998 2030 fructus,

243 2041 388 2075 redditus
413 2046 444 2075 et
477 2046 652 2086 proventus
684 2046 910 2075 sexcentorum
938 2043 999 2075 du-

242 2099 390 2127 catorum
410 2095 481 2128 auri
502 2095 541 2128 de
561 2095 706 2136 Camera,
720 2095 900 2128 secundum
913 2106 999 2129 com-

243 2158 374 2181 munem
391 2148 661 2188 aestimationem,
681 2149 822 2181 valorem
838 2158 997 2190 annuum,

242 2206 277 2234 ut
292 2201 490 2245 accepimus,
509 2212 574 2235 non
587 2201 757 2241 excedunt,
773 2201 886 2244 quovis
902 2203 998 2235 modo

240 2259 272 2287 et
291 2254 529 2298 cuiuscumque
550 2264 700 2298 persona,
722 2264 778 2287 seu
800 2265 859 2298 per
874 2255 997 2288 obitum

240 2312 296 2340 aut
319 2307 456 2340 liberam
473 2307 651 2340 cessionem
671 2307 836 2350 quondam
853 2307 997 2340 Trivultii

240 2359 387 2402 Gregorii
422 2360 565 2393 Maxillae
578 2387 585 2401 ‚
612 2361 721 2393 forsan
754 2361 841 2403 apud
881 2360 996 2394 Sedem

238 2408 458 2453 Apostolicam
478 2409 539 2442 vita
556 2408 712 2449 defuncti,
730 2409 778 2442 vel
795 2409 934 2442 cuiusvis
950 2410 996 2442 al-

238 2457 352 2499 terius,
391 2458 431 2492 de
468 2458 625 2501 regimine
656 2463 687 2491 et
720 2458 996 2492 administratione

239 2507 430 2550 praesentis,
456 2507 489 2540 in
509 2507 594 2540 dicta
614 2507 710 2541 Curia
734 2508 783 2540 vel
803 2513 890 2541 extra
910 2518 994 2550 eam,

238 2555 336 2589 etiam
359 2567 469 2589 coram
494 2556 620 2590 notario
647 2556 779 2600 publico
805 2561 836 2589 et
864 2557 996 2591 testibus

238 2609 353 2650 sponte
379 2605 510 2647 factam,
548 2615 605 2639 seu
636 2604 733 2639 etiarn
753 2604 918 2649 praedicta
947 2606 995 2639 vel

1060 341 1146 374 tione
1164 342 1202 375 de
1223 341 1290 383 illo,
1314 341 1410 374 etiam
1430 341 1463 373 in
1487 341 1551 373 vim
1578 341 1815 385 cuiuscumque

1058 405 1223 437 regressus
1253 405 1310 427 scu
1339 404 1488 428 accessus
1522 399 1553 427 et
1577 394 1742 437 ingressus
1775 395 1815 429 ad

1057 447 1180 480 dictum
1199 448 1444 488 monasterium,
1461 453 1525 480 tam
1547 447 1711 491 praedicto
1723 448 1815 494 Aloy-

1056 500 1102 532 sio
1128 500 1300 540 cardinali,
1335 511 1432 544 quam
1466 501 1562 534 etiam
1597 500 1715 534 dilecto
1746 501 1814 536 filio

1056 553 1226 586 Francisco
1248 554 1450 595 Serbellono,
1473 559 1528 587 aut
1552 555 1644 588 alteri
1664 555 1812 588 cuicum-

1055 616 1118 649 que
1131 617 1299 649 personae,
1318 607 1413 640 etiam
1429 608 1606 650 apostolica
1621 608 1813 642 auctoritate

1056 659 1158 699 sactis,
1178 665 1311 703 propter
1331 660 1565 694 inhabilitatem
1586 662 1635 694 vel
1648 661 1811 705 incapaci-

1056 717 1152 744 tatem
1170 718 1225 745 aut
1241 713 1455 746 confidentiae
1470 714 1596 755 vitium,
1615 714 1711 748 ctiam
1726 715 1813 748 iuxta

1055 763 1175 797 litteras
1184 765 1286 798 felicis
1294 766 1527 799 recordationis
1535 766 1580 799 Pii
1588 767 1684 811 Papae
1694 767 1811 811 quarti,

1054 817 1311 859 praedecessoris
1338 820 1452 859 nostri,
1475 820 1581 853 velex
1609 821 1720 863 quavis
1749 820 1811 854 alia

1054 880 1164 909 causa,
1200 871 1299 904 nullis
1330 877 1360 904 ct
1401 872 1548 906 invalidis
1573 873 1808 915 existentibus,

1053 923 1178 956 etiamsi
1194 930 1282 958 tanto
1297 930 1442 969 tempore
1454 926 1622 967 vacaverit,
1638 927 1726 969 quod
1740 927 1810 960 eius

1053 977 1204 1019 provisio,
1233 978 1320 1011 iuxta
1343 979 1565 1012 Lateranensis
1596 980 1725 1013 concilii
1754 986 1810 1014 aut

1052 1029 1130 1062 alias
1143 1030 1316 1064 canonicas
1328 1031 1521 1073 sanctiones,
1540 1032 1580 1064 ad
1591 1032 1706 1066 Sedem
1716 1044 1809 1076 prae-

1051 1082 1169 1115 dictam
1183 1083 1325 1126 legitime
1346 1084 1496 1117 devoluta
1515 1085 1638 1126 existat,
1658 1090 1689 1118 ct
1704 1086 1757 1119 illa
1771 1096 1807 1119 ex

1051 1136 1162 1178 quavis
1191 1147 1288 1169 causa
1317 1138 1357 1170 ad
1377 1138 1491 1174 Sedem
1514 1138 1661 1171 eamdem
1682 1139 1806 1182 specia—

1050 1188 1123 1221 liter
1152 1195 1183 1221 et
1206 1190 1401 1232 generaliter
1420 1191 1590 1235 pertineat,
1631 1197 1661 1225 et
1688 1193 1727 1225 de
1751 1192 1807 1225 illo

1051 1242 1315 1276 consistorialiter
1351 1244 1480 1287 disponi
1512 1245 1713 1277 consueverit
1750 1255 1806 1278 seu

1050 1294 1182 1335 debeat,
1219 1306 1256 1328 ac
1292 1307 1390 1340 super
1425 1297 1546 1331 eisdem
1581 1298 1739 1341 regimine
1775 1304 1806 1331 et

1049 1347 1328 1382 administratione
1368 1350 1447 1383 alias
1486 1361 1523 1383 ac
1557 1351 1642 1384 inter
1679 1351 1805 1395 aliquos

1048 1400 1128 1433 alios
1148 1412 1372 1446 quoscumque
1393 1403 1443 1444 lis,
1461 1414 1518 1437 seu
1538 1415 1637 1447 super
1652 1404 1804 1448 petitorio

1047 1454 1095 1486 vel
1113 1455 1312 1497 possessorio
1332 1456 1491 1497 molestia,
1514 1457 1608 1490 cuius
1639 1462 1670 1491 et
1688 1469 1804 1501 supra—

1047 1506 1242 1550 scriptorum
1273 1513 1391 1541 statum
1431 1510 1654 1553 praesentibus
1690 1511 1803 1545 liabe'ri

1046 1560 1195 1593 volumus
1222 1571 1281 1604 pro
1298 1571 1461 1604 expresso,
1490 1564 1629 1606 pendeat
1644 1564 1801 1605 indecisa,

1045 1612 1201 1655 dignitate
1221 1613 1385 1654 abbatiali,
1408 1615 1552 1657 nomine,
1587 1616 1681 1650 titulo
1702 1622 1733 1650 ct
1752 1627 1803 1650 es-

1045 1666 1147 1699 sentia
1167 1666 1318 1700 abbatiali
1338 1668 1417 1701 inibi
1439 1675 1597 1713 perpetuo
1619 1670 1802 1714 suppressis

1045 1725 1075 1752 et
1108 1719 1273 1761 extinctis,
1310 1732 1384 1754 eum
1417 1722 1549 1756 annexis
1582 1723 1733 1767 praefatis
1764 1734 1802 1757 ac

1044 1773 1195 1807 omnibus
1220 1775 1387 1817 membris,
1408 1775 1546 1818 iuribus,
1568 1777 1800 1810 iurisdictioni-

1042 1826 1114 1868 bus,
1138 1827 1341 1871 pertinentiis
1361 1833 1392 1862 et
1417 1829 1599 1863 actionibus
1631 1830 1697 1863 suis
1729 1830 1799 1874 qui-

1042 1880 1258 1924 buscumque,
1290 1881 1402 1915 domui
1422 1882 1455 1915 S.
1485 1883 1602 1916 Mariae
1627 1893 1725 1926 super
1744 1883 1799 1916 Mi-

1021 1954 1022 1957 =
1042 1944 1173 1967 nervam
1194 1945 1251 1968 seu
1272 1935 1358 1968 illius
1385 1935 1549 1969 sacristiae
1575 1936 1797 1980 applicamus:

1041 1986 1085 2019 ita
1105 1987 1193 2030 quod
1205 1987 1429 2022 liceatdileeto
1444 1988 1510 2022 tilio
1521 1989 1666 2022 eiusdem
1683 1990 1799 2023 domus

1042 2040 1144 2083 priori
1165 2042 1369 2084 corporalem
1387 2042 1624 2085 possessionem
1640 2048 1799 2076 monaste-

1041 2092 1080 2125 rii
1106 2097 1136 2125 et
1162 2104 1380 2135 annexorum,
1407 2104 1537 2128 necnon
1558 2095 1795 2137 membrorum,

1041 2145 1174 2188 uirium,
1198 2146 1458 2180 iurisdictionum
1468 2152 1498 2180 et
1525 2147 1796 2191 pertinentiarum

1040 2199 1295 2242 praedictorum,
1327 2211 1455 2233 necnon
1484 2200 1584 2243 ipsius
1609 2202 1796 2235 monasterii

1040 2252 1272 2296 proprietatem
1287 2254 1500 2293 etbonorum,
1515 2263 1574 2297 per
1585 2263 1618 2286 se
1632 2254 1680 2287 vel
1695 2254 1795 2288 alium

1018 2311 1019 2318 ¹
1040 2315 1097 2338 scu
1117 2305 1209 2347 alios,
1237 2306 1371 2350 propria
1402 2306 1593 2340 auctoritate
1617 2311 1648 2340 et
1673 2307 1796 2350 absque

1039 2358 1133 2401 spolii
1154 2369 1211 2392 seu
1244 2364 1474 2393 attentatorum
1500 2359 1574 2392 vitio
1595 2365 1651 2393 aut
1682 2359 1795 2394 iudicii

1039 2407 1219 2441 ministerio
1240 2408 1393 2442 iudicisve
1425 2408 1616 2442 auctoritate
1648 2419 1706 2443 seu
1738 2410 1795 2443 de-

1039 2462 1145 2499 creto,
1183 2458 1284 2492 libere
1326 2458 1571 2502 apprehendere
1611 2464 1642 2492 et
1677 2470 1795 2503 perpe-

1038 2510 1094 2539 tuo
1115 2506 1266 2547 retinere,
1300 2507 1395 2550 eique
1415 2508 1448 2540 in
1479 2507 1593 2541 divinis
1619 2508 1793 2550 deservire,

1038 2561 1069 2589 et
1093 2566 1206 2589 curam
1227 2556 1323 2589 etiam
1357 2556 1503 2589 omnium
1534 2557 1718 2590 animarum
1743 2558 1793 2591 di-

1038 2609 1107 2638 ctae
1123 2605 1279 2639 ecclesiae
1295 2605 1438 2639 exerceri
1464 2606 1581 2648 facere,
1608 2605 1792 2641 dioecesani

1706 223 1769 259 707
1828 232 1881 262 An.
1898 233 1926 261 C.
1948 233 2016 262 1568
