2237 3100
278 290 329 317 Ατι,
346 290 375 318 C.
394 290 458 318 ¹562

338 949 456 970 Derim-auo

274 981 328 1007 quod
350 982 456 1001 sententia

272 1012 457 1032 contumaci-ilaei

273 1043 405 1069 praeiudicet
432 1044 457 1062 ti-

273 1075 455 1098 deiussnr1b11s,t·1

273 1106 304 1126 his
316 1106 456 1130 cautionibus,

299 1765 322 1786 Et
348 1767 410 1786 ctiam
437 1767 456 1786 in

274 1803 323 1817 rasu
352 1797 457 1822 legitimae

273 1828 387 1848 solvendae
399 1835 409 1848 a
426 1834 459 1855 pa-

274 1858 369 1880 rentibus

323 2211 461 2232 Contumaces

278 2242 331 2263 infra
348 2249 383 2263 sex
403 2248 462 2262 men»

278 2280 312 2294 ses
336 2280 358 2294 se
381 2275 462 2294 consti—

279 2308 335 2325 tuant

517 281 580 315 19⁶2

1066 290 1243 314 BULLARIUM
1267 286 1417 312 ROMANUM

2029 287 2080 314 An.
2098 286 2126 313 C.
2144 287 2213 318 1562

475 344 506 376 in
525 355 589 377 non
605 345 836 388 comparendo,
853 356 956 388 poena
973 343 1223 377 conventionalis
1265 352 1332 374 ram
1354 339 1514 373 iudicibus
1535 339 1567 371 in
1592 339 1677 382 ipsos
1697 340 1885 383 propensis,
1912 340 1960 373 vel
1983 339 2014 373 in

475 398 694 431 committatur
719 404 746 431 et
773 398 852 441 exigi
873 398 968 441 possit
991 410 1008 430 a
1028 398 1223 431 fideiussori-

475 452 544 489 bus,
562 452 649 484 nulla
670 452 873 484 excusatione
894 452 941 483 vel
965 451 1151 494 exceptione
1170 463 1222 495 pe-

475 505 560 537 nitus
585 504 740 545 admissa,
768 505 865 536 immo
891 505 1070 537 habeantur
1099 505 1222 537 crimen

475 563 505 591 et
538 558 756 591 contraventio
779 568 815 590 ac
836 557 860 589 si
886 568 943 601 per
964 563 1058 590 testes
1076 559 1123 591 vel
1144 559 1222 591 alias

474 611 613 654 legitime
630 611 801 654 probatum
820 611 866 643 vel
883 611 1058 655 approljiata
1074 612 1217 645 fuissent.

473 665 509 697 Et
530 665 554 697 si
575 664 719 697 clausula
740 664 771 696 in
793 664 998 708 stipulatione
1018 665 1136 699 omissa
1156 667 1222 699 fue-

472 718 530 756 rit,
560 717 611 750 illa
639 716 849 750 nihilominus
874 729 932 761 pro
957 719 1120 762 apposita,
1143 732 1221 754 eon-

472 771 628 804 traventio
669 782 727 814 pro
772 770 911 814 legitime
950 773 1125 816 approbata
1164 776 1221 807 ha-

472 825 596 858 beatur.

517 879 582 921 §71
618 879 656 911 Et
685 879 830 912 similiter
862 880 887 913 si
916 891 974 924 per
1007 881 1221 925 principalem

471 933 533 965 sive
550 932 648 966 alium
666 932 697 965 in
714 932 919 966 fideiussione
935 935 1218 979 comprehensum,

472 985 668 1029 stipulationi
693 992 935 1019 contraventum
962 992 991 1020 et
1003 999 1058 1021 seu
1071 989 1082 1015 ‘l
1098 994 1222 1022 ccn'itra-

471 1040 601 1073 veniens
619 1045 801 1081 contumax,
822 1041 939 1084 hicque
952 1042 984 1074 in
1005 1053 1125 1075 meram
1143 1054 1220 1075 con-

472 1093 645 1127 tumaciam
666 1094 906 1127 condemnatus
918 1095 1011 1127 fuerit
1023 1122 1030 1135 ‚
1053 1095 1222 1129 fideiussor

471 1147 576 1179 statim
597 1147 636 1179 ad
658 1147 843 1180 solvendum
874 1159 1010 1192 poenam
1037 1150 1221 1183 conventio-

472 1201 577 1234 nalem
599 1206 747 1243 cogatur,
775 1212 834 1234 nec
864 1202 964 1246 possit
983 1202 1099 1243 audiri,
1127 1214 1221 1236 suum

472 1254 683 1298 principalem
705 1255 874 1288 offendisse
895 1266 931 1287 ex
954 1267 1049 1288 causa
1079 1267 1222 1290 necessa-

472 1308 537 1341 riae
563 1308 756 1341 defensionis
775 1309 942 1352 allegando
964 1315 994 1342 et
1014 1310 1219 1351 deducendo,

472 1372 511 1394 ne
543 1361 687 1395 videlicet
722 1362 944 1406 delinquentes
977 1362 1131 1397 indirecte
1166 1376 1223 1409 per

472 1416 716 1454 procuratorem
738 1417 768 1444 et
796 1412 1016 1456 interpositam
1052 1425 1221 1457 personam

471 1461 655 1494 audiantur:
678 1468 708 1495 et
727 1462 813 1504 quod
834 1462 955 1495 dictum
968 1463 1056 1495 estin
1076 1466 1222 1508 exemplo

472 1510 666 1555 exceptionis
681 1511 880 1551 huiusmodi,
904 1511 934 1543 id
951 1512 1046 1545 etiam
1064 1513 1223 1546 adomnia

471 1560 532 1592 alia
547 1560 746 1593 extendatur.
769 1561 807 1594 Et
826 1561 851 1594 si
872 1561 942 1594 talis
963 1562 1107 1595 clausula
1128 1562 1224 1596 fuerit

472 1609 504 1642 in
525 1610 696 1654 praedictis
720 1610 981 1654 stipulationibus
1010 1611 1138 1652 omissa,
1174 1612 1222 1645 ni-

472 1659 647 1692 hilominus
667 1659 812 1704 apposita
832 1660 979 1693 similiter
998 1660 1204 1704 intelligatur.

516 1709 530 1752 ξ
551 1708 581 1742 8.
605 1708 695 1748 Quod
715 1709 793 1742 etad
807 1709 981 1753 legitimam
1003 1720 1060 1753 per
1076 1716 1225 1754 parentes

473 1759 655 1792 solvendam
673 1760 874 1792 extendimus
889 1765 925 1792 ut
940 1760 1027 1792 illam
1044 1761 1164 1794 solvere
1183 1768 1226 1795 te-

474 1813 628 1849 neantur,
657 1808 751 1841 etiam
780 1808 804 1841 si
832 1819 945 1841 eorum
967 1809 1023 1841 tilii
1049 1809 1080 1842 in
1102 1822 1223 1845 ineram

473 1858 710 1890 contumaciam
732 1858 770 1890 de
791 1858 899 1902 aliquo
925 1859 1040 1891 delicto
1071 1862 1224 1894 condem-

474 1907 539 1939 nati
575 1912 630 1940 aut
660 1907 781 1940 banniti
811 1908 941 1948 suerint,
977 1919 1041 1941 non
1079 1910 1225 1945 obstante

475 1968 681 2001 quocumque
703 1962 818 1991 statuto
839 1964 894 1991 aut
924 1959 1030 1991 forsan
1051 1966 1225 1994 consuetu-

475 2007 548 2039 dine
568 2007 600 2040 in
618 2008 816 2041 contrarium
837 2008 1001 2048 existente,
1024 2009 1141 2051 quibus
1161 2021 1227 2043 om-

477 2056 571 2089 nibus
591 2067 649 2100 per
679 2062 863 2101 praesentes
892 2057 925 2090 in
945 2058 1093 2101 ampliori
1124 2060 1224 2093 forma

478 2106 665 2149 derogatum
687 2117 753 2139 esse
771 2117 939 2140 censemus
959 2112 989 2139 et
1008 2107 1224 2142 decernimus.

521 2156 536 2200 ξ
556 2155 587 2189 9.
610 2156 789 2196 Praeterea,
813 2155 966 2199 quoniam
987 2166 1080 2199 saepe
1102 2158 1227 2190 contin-

477 2207 521 2249 git
549 2211 584 2239 ut
604 2205 659 2249 qui
680 2217 716 2239 ex
736 2206 843 2250 aliquo
860 2206 995 2239 erimine
1010 2205 1041 2238 in
1063 2212 1227 2241 contuma-

478 2256 559 2290 ciam
589 2256 792 2289 condemnati
822 2255 959 2295 suerint,
994 2256 1170 2299 perdurent.
1190 2260 1227 2291 ad

479 2306 597 2339 multos
616 2316 716 2338 annos
737 2305 769 2337 in
789 2305 1003 2346 contumacia,
1027 2311 1229 2348 expectantes

479 2354 699 2394 occasionem,
724 2360 759 2387 ut.
784 2365 841 2398 per
860 2355 1014 2398 temporis
1034 2355 1227 2390 diuturnita-

480 2410 542 2437 tem
568 2403 711 2436 criminis
736 2398 894 2448 probatio
917 2403 1121 2448 impossibilis
1155 2407 1228 2439 red-

480 2453 584 2494 datur,
603 2458 633 2486 et.
645 2458 719 2485 tunc
739 2458 896 2496 quaerant
914 2454 1149 2487 contumaciam
1167 2456 1226 2488 sihi

480 2501 619 2541 remitti,
642 2507 671 2534 et
692 2513 789 2545 super
826 2502 1068 2535 defensionibus
1101 2504 1227 2545 audiri,

481 2561 554 2583 cum
588 2550 776 2583 criminibus
805 2551 822 2578 2
842 2552 1000 2595 probandi
1022 2552 1158 2586 facultas
1183 2559 1226 2587 est

480 2600 557 2632 fisco
577 2599 724 2643 sublata,>
741 2600 1084 2645 causamjplernmque
1104 2603 1151 2635 vel
1178 2614 1230 2636 co-

517 2654 527 2678 l
547 2652 666 2679 Forsitan
682 2655 714 2679 stt
732 2652 836 2687 (aljan).

514 2692 532 2721 2
551 2692 686 2727 Criminis,
707 2692 822 2721 Cherub.
842 2692 878 2730 (a.
897 2693 945 2730 r).

1264 395 1354 434 locis,
1378 393 1430 426 ubi
1454 393 1524 425 iura
1546 392 1614 425 fisci
1634 392 1749 426 deduci
1770 404 1835 426 non
1860 399 2013 437 possunt,

1264 447 1524 485 introducentes,
1561 445 1731 479 statuimus
1771 447 1858 490 quod
1902 447 1948 480 rei
1984 447 2015 480 in

1264 501 1500 535 contumaciam
1526 500 1741 541 condemnati,
1765 501 1803 533 ad
1820 512 1894 534 suas
1909 501 2016 535 defen-

1263 555 1369 587 siones
1390 554 1550 587 faciendas
1570 553 1693 585 admitti
1713 564 1778 586 non
1799 554 1933 597 possint,
1956 554 2016 588 nisi

1265 609 1344 641 infra
1366 619 1418 641 sex
1438 617 1583 647 menses,
1618 607 1724 650 quoad
1745 606 1906 640 faciendas
1929 608 2015 641 vide-

1264 661 1346 701 licet,
1368 672 1385 694 a
1405 661 1455 693 die
1476 660 1770 701 condemnationis,
1793 658 1858 703 qu'o
1878 672 1952 694 vero
1977 662 2017 694 ad

1264 716 1325 747 iani
1349 715 1444 748 factas
1469 713 1772 754 condemnationes,
1799 724 1817 746 a
1837 713 1887 747 die
1907 714 2015 758 publi-

1263 769 1396 802 cationis
1425 768 1642 812 pracsentium
1672 767 1925 811 computandos,
1957 779 2016 802 nec

1263 822 1335 855 alibi
1362 832 1459 865 quam
1476 821 1507 854 in
1528 822 1618 862 loco,
1646 821 1701 853 ubi
1723 821 1948 855 condemnatio
1969 832 2017 855 se-

1263 880 1406 915 cutaest,
1429 875 1476 908 vel
1496 875 1527 907 in
1553 874 1643 907 curia
1662 874 1803 917 generali
1819 874 2015 919 provinciae,

1264 930 1317 963 ubi
1334 930 1486 962 delictum
1508 929 1604 961 suerit
1624 928 1843 962 commissum.
1867 929 1904 962 Et
1924 929 1949 961 si
1965 940 2015 962 se-

1263 995 1318 1017 cus
1339 983 1409 1017 lieri
1429 983 1603 1025 contingat⁷
1634 993 1860 1026 quaecumque
1885 983 2015 1016 absolu-

1263 1038 1365 1071 tiones
1381 1038 1521 1081 desuper
1537 1037 1740 1077 obtinendae,
1761 1036 1856 1070 etiam
1872 1036 1897 1069 si
1908 1037 2015 1080 vigore

1263 1091 1500 1125 commissionis
1533 1090 1716 1133 signaturae
1756 1095 1905 1132 nostrae,
1945 1091 2017 1124 nul-

1264 1145 1325 1178 lius
1337 1145 1397 1177 sint
1414 1144 1540 1177 roboris
1559 1144 1607 1176 vel
1619 1143 1785 1183 momenti,
1808 1143 1862 1176 sed
1874 1144 1912 1176 ad
1934 1143 2016 1186 ipsa-

1264 1209 1336 1231 rum
1357 1197 1663 1231 condennmtionum
1684 1197 1747 1229 iam
1767 1196 1924 1229 factarum
1942 1207 2015 1230 exe-

1264 1251 1426 1285 cutionem
1448 1249 1589 1283 deveniri
1612 1250 1712 1294 possit
1731 1254 1760 1282 et
1785 1249 1910 1283 debeat.
1947 1249 2015 1289 Quo

1264 1305 1401 1337 termino
1430 1315 1482 1337 sex
1502 1303 1661 1336 mensium
1687 1304 1808 1347 elapso,
1840 1303 2016 1337 sententiae

1264 1360 1295 1391 in
1317 1358 1555 1392 contumaciam
1576 1358 1674 1398 latae,
1705 1357 1828 1390 crimen
1851 1357 2015 1390 notorium

1264 1414 1415 1453 efficiant,
1445 1418 1475 1445 ct.
1503 1418 1667 1455 tamquam
1688 1411 1721 1444 in
1748 1422 1817 1445 rem
1842 1411 2015 1445 iudicatam

1264 1467 1480 1508 transiverint,
1502 1467 1631 1500 realiter
1656 1471 1686 1500 et
1706 1466 1918 1511 personaliter
1942 1476 2015 1500 exe-

1265 1521 1386 1555 cutioni
1407 1521 1653 1553 demandentur.

1308 1576 1323 1619 5
1343 1576 1396 1609 lO.
1415 1575 1478 1608 Nec
1498 1574 1670 1608 homicidis
1689 1574 1790 1619 prosit
1805 1574 1912 1608 minor
1930 1579 2017 1609 aetas

1263 1631 1373 1674 viginti
1389 1641 1561 1671 annorum,
1580 1630 1656 1663 dum
1670 1636 1775 1663 tamen
1787 1630 1925 1664 maiores
1941 1641 2017 1674 qua-

1265 1686 1444 1719 tuordecim
1463 1697 1623 1719 annorum
1644 1685 1814 1719 extiterint.

1309 1741 1324 1784 g
1350 1740 1402 1773 11.
1439 1740 1530 1780 Quod
1550 1739 1574 1772 si
1599 1740 1721 1773 banniti
1750 1740 1949 1782 huiusmodi,
1983 1740 2017 1774 in
2058 1754 2217 1780 nunna-igrans

1267 1794 1502 1827 contumaciam
1529 1794 1746 1835 condemnati,
1781 1795 1909 1828 veniant
1929 1800 2016 1839 post·
2031 1785 2218 1839 L³‡1{,¹⁴g]}¹j¹i³'5⁵u⁵„1³,¹''

1268 1848 1399 1881 moduni
1433 1848 1636 1889 absolvendi,
1674 1848 1807 1889 iudices,
1835 1848 1893 1882 suh
1914 1859 2018 1894 poena

1267 1902 1355 1935 mille
1379 1907 1545 1935 scutorum
1576 1907 1606 1935 et
1639 1902 1788 1936 infamiae
1822 1908 2016 1948 perpetuae,

1267 1956 1339 1989 illos
1363 1956 1460 1998 gratis
1480 1962 1511 1989 et
1531 1956 1598 1990 sine
1626 1957 1691 1989 ulla
1721 1958 1941 2001 sportularum
1970 1967 2019 1990 so-

1268 2010 1402 2050 lutione,
1430 2010 1593 2043 absolvere
1613 2010 1760 2043 debeant.

1312 2064 1326 2107 §
1350 2063 1403 2096 12.
1426 2063 1461 2096 In
1481 2063 1585 2097 causis
1604 2074 1678 2097 vero
1699 2063 1894 2098 clericorum
1915 2064 2021 2098 crimi-
2047 2071 2220 2108 Praeventipde-

1268 2118 1396 2151 nalibus
1406 2128 1494 2151 mere
1506 2117 1741 2160 ecclesiasticis,
1756 2118 1909 2152 ordinarii
1919 2120 2022 2153 eccle·
2034 2104 2220 2156 fiilissss‘iascffli

1270 2171 1387 2204 siastici
1407 2171 1556 2215 privative
1573 2172 1679 2216 quoad
1698 2172 1879 2206 saeculares
1898 2172 2021 2207 iudices
2035 2166 2203 2188 ⁰⁰⁰¹⁰⁵i³⁸¹³⁰⁰⁵'

1270 2230 1480 2267 cognoscant,
1509 2225 1563 2258 sed
1592 2225 1624 2258 in
1651 2225 1721 2259 aliis
1747 2225 1852 2260 mixtis
1871 2226 1910 2260 sit
1929 2227 2021 2261 locus

1270 2278 1487 2322 praeventioni
1508 2278 1591 2312 inter
1611 2279 1811 2313 ordinarium
1831 2285 1862 2314 et
1880 2280 2020 2314 iudicem

1270 2334 1480 2374 saecularem,
1499 2334 1635 2376 dataque
1646 2334 1872 2378 praeventione
1883 2345 1919 2368 ex
1931 2339 2020 2379 parte

1271 2386 1425 2419 ordinarii
1441 2386 1660 2428 ecclesiastici,
1683 2387 1811 2421 nonnisi
1831 2393 1944 2421 contra
1959 2388 2021 2422 cle-

1271 2440 1355 2472 ricos
1375 2444 1497 2473 tantum
1516 2440 1690 2483 procedere
1706 2440 1816 2484 possit.
1840 2441 1877 2474 Et
1889 2441 1913 2474 si
1930 2452 2022 2486 prae-

1273 2489 1458 2522 tenderetur
1478 2490 1601 2523 ratione
1627 2490 1835 2523 connexitatis
1859 2490 2018 2532 adiuncti,

1272 2539 1318 2570 vel
1348 2537 1425 2571 alias
1464 2539 1770 2583 quomodocumque
1802 2538 1921 2572 laicum
1953 2539 2022 2574 eius

1272 2587 1377 2619 forum
1395 2588 1500 2620 sortiri
1525 2588 1653 2628 dehere,
1676 2587 1769 2621 iudex
1785 2593 1891 2621 tamen
1908 2600 2019 2623 saecu-

1272 2636 1347 2669 laris
1374 2636 1416 2669 ita
1445 2637 1668 2681 praeveniens,
1701 2636 1809 2680 quavis
1830 2636 2019 2672 inhibitione

1273 2685 1332 2720 sibi
1352 2686 1433 2721 sacta
1451 2697 1517 2722 non
1542 2687 1706 2729 obstante,
1731 2686 1852 2732 absque
1872 2696 2021 2724 censura·

2102 1589 2217 1612 llomicidis

2030 1627 2073 1642 non
2085 1622 2170 1648 prodest
2179 1623 2217 1643 mi—

2031 1654 2121 1674 ueritas.
