2237 3100
229 262 280 290 An.
298 263 326 291 C.
344 262 408 293 ¹36¹

255 320 344 347 Legatos
357 323 382 343 ad
393 324 412 343 ei

228 353 362 378 praesit-tend.
379 355 414 375 dc-

227 386 297 411 putat3

229 1385 348 1408 facultates
359 1393 400 1409 ne-

215 1419 320 1438 cessarias
343 1418 400 1445 lega-

215 1450 242 1470 tis
257 1451 364 1476 comedin

472 256 537 291 114

428 319 592 364 impediri,
611 320 698 364 quod
709 320 789 355 forte
806 323 1018 367 contingeret,
1035 324 1059 357 si
1073 325 1177 365 nobis,

425 373 519 406 variis
544 374 576 406 in
603 374 670 407 dies
697 376 843 419 corporis
872 377 1113 411 infirmitatibus
1142 389 1179 412 ac

425 427 504 460 alias
524 427 745 471 multiplieiter
765 429 936 473 impeditis,
960 436 987 464 et
1010 436 1179 475 propterea

425 482 464 514 ad
481 482 615 515 eandem
632 481 789 516 civitatem
805 484 1022 517 Tridentinam
1039 485 1077 517 ad
1089 496 1179 529 prae-

424 545 496 567 sens
508 534 674 576 accedere,
692 541 723 569 et
742 535 802 579 ipsi
819 537 966 577 concilio,
984 537 1069 571 iuxta
1080 539 1178 572 animi

424 588 524 621 nostri
540 588 746 629 desiderium,
759 589 911 623 interesse
924 592 1175 634 nequeuntibus,

423 641 532 673 nullus
542 646 652 674 nostro
668 641 744 674 illuc
755 642 886 675 nomine
899 643 1095 686 mitteretur3
1113 657 1177 687 vos,

422 693 503 733 fide,
534 694 721 737 prudentia,
762 695 941 738 probitate,
968 697 1115 732 doctrina
1148 706 1177 733 et

422 757 530 779 rerum
555 747 751 790 experientia
767 749 942 782 admodum
963 752 1084 793 claros,
1102 753 1176 787 insi-

420 810 498 841 gnes
517 805 612 844 atquc
640 800 734 834 etiam
764 803 933 845 probatos,
959 816 1033 838 cum
1058 808 1173 850 plena,

420 852 520 886 libera
540 858 635 898 atque
657 855 843 890 omnimoda
870 858 1049 901 legatorum
1067 861 1105 894 de
1130 862 1175 895 la-

420 911 486 940 tere
515 913 688 952 potestate,
727 910 923 956 specialique
961 918 991 946 et
1025 925 1175 959 expresso

419 960 586 1001 mandato,
623 972 749 996 necnon
782 964 1017 999 ratihabitionis
1042 972 1073 1000 et
1105 969 1175 1003 aliis

418 1013 572 1048 clausulis
588 1015 620 1048 in
641 1016 798 1050 similibus
816 1019 935 1063 apponi
947 1020 1059 1061 solitis,
1077 1022 1115 1055 de
1131 1023 1173 1056 si-

417 1067 486 1100 mili
511 1069 700 1103 eorumdem
723 1070 858 1104 fratrum
888 1078 1073 1107 nostrorum
1095 1086 1173 1109 con-

417 1119 487 1153 silio
509 1126 539 1153 et
558 1132 702 1163 assensu,
725 1130 851 1157 nostros
871 1131 900 1158 et
923 1126 1012 1159 Sedis
1038 1128 1172 1172 Aposto-

416 1173 497 1207 licae
518 1175 638 1218 legatos
654 1177 692 1210 de
708 1178 820 1219 latere,
834 1180 1025 1214 auctoritate
1043 1189 1172 1226 aposto-

415 1226 487 1267 lica,
510 1232 620 1261 tenore
641 1231 873 1274 praesentium,
897 1233 1122 1269 constituimus
1142 1243 1172 1270 et

415 1279 619 1324 deputamus.

458 1333 472 1377 ἓ
487 1333 519 1368 3.
538 1334 663 1379 Vosque
675 1337 713 1370 ad
729 1337 847 1371 dictam
864 1339 1024 1373 civitatem
1037 1342 1169 1376 Triden-

413 1386 523 1427 tinam‚
536 1399 594 1432 pro
611 1390 749 1423 concilio
765 1391 951 1425 huiusmodi
965 1394 1169 1437 celebrando,

412 1444 577 1484 tamquam
602 1443 690 1487 pacis
718 1445 859 1488 angelos,
893 1446 1101 1489 destinamus,
1133 1461 1170 1484 ac

411 1494 500 1527 vobis
538 1506 594 1529 seu
629 1508 694 1530 uno
738 1503 793 1530 aut
834 1498 961 1533 duobus
995 1502 1043 1535 vel
1068 1502 1170 1537 trihus

412 1558 468 1581 seu
502 1550 651 1592 pluribus
683 1562 719 1584 ex
749 1552 836 1585 vobis
864 1553 1007 1596 legitimo
1032 1555 1168 1600 impedi-

412 1607 521 1635 mento
560 1603 695 1637 detentis
724 1606 770 1638 vel
802 1607 1000 1649 absentibus,
1043 1610 1112 1650 uni,
1144 1611 1169 1644 si

410 1667 495 1689 unus
516 1661 639 1690 tantum
656 1658 687 1691 in
703 1659 787 1692 dicta
808 1660 932 1694 civitate
949 1662 1089 1703 affuerit,
1112 1675 1168 1697 seu

410 1709 537 1743 duobus
561 1716 616 1743 aut
640 1711 742 1745 tribus
769 1714 815 1746 vel
841 1713 878 1746 iis
907 1725 943 1747 ex
978 1715 1085 1756 vobis,
1112 1718 1167 1761 qui

410 1762 442 1796 in
477 1764 588 1797 eadem
618 1765 742 1799 civitate
771 1767 956 1801 Tridentina
984 1776 1168 1812 praesentes

411 1818 539 1858 fuerint,
549 1819 587 1851 ad
600 1820 847 1854 celebrationem
859 1821 959 1865 ipsius
970 1824 1110 1860 concilii,
1122 1825 1166 1857 fa-

408 1876 498 1905 vente
519 1872 666 1914 Domino,
690 1874 904 1917 procedendi,
923 1887 959 1908 ac
986 1877 1115 1910 nomine
1136 1884 1167 1911 et

408 1926 598 1959 auctoritate
619 1934 727 1961 nostra
748 1929 791 1962 illi
809 1930 1024 1973 praesidendi,
1038 1942 1165 1966 necnon

407 1991 633 2026 quaecumque
654 1982 686 2015 in
707 1984 819 2017 eodem
841 1985 979 2019 concilio
1005 1998 1063 2031 pro
1088 1992 1166 2020 tem-

406 2046 485 2079 pore
506 2036 611 2070 decisa
641 2044 670 2071 et
692 2039 850 2078 ordinata,
873 2051 909 2072 ac
930 2052 988 2085 per
1009 2042 1164 2076 maiorem

406 2095 529 2133 partem
550 2097 689 2125 vestrum
719 2093 752 2125 in
774 2093 857 2127 dicta
883 2094 1006 2129 civitate
1031 2096 1163 2130 Triden-

405 2144 471 2178 tina
504 2147 722 2190 praesentium
753 2149 975 2192 comprobata,
1002 2151 1163 2185 observari

404 2199 603 2234 mandavitt.
621 2200 653 2234 in
679 2201 752 2241 illo,
781 2213 839 2245 pro
863 2209 965 2236 vestra
992 2204 1108 2248 pietate
1133 2211 1163 2239 et

404 2252 571 2296 sapientia,
599 2266 635 2288 ea
660 2255 780 2296 omnia,
807 2267 890 2299 quae
917 2256 948 2289 in
979 2258 1162 2301 praemissis

404 2312 434 2340 et
458 2307 544 2341 circa
560 2319 596 2341 ea
616 2310 796 2343 necessaria
817 2316 845 2343 et
873 2311 951 2343 alias
981 2314 1161 2355 quomodo-

403 2360 478 2394 libet
500 2368 682 2406 opportuna
703 2374 782 2405 esse,
805 2364 947 2408 aliasque
967 2366 1007 2398 ad
1031 2367 1159 2402 laudem

403 2421 433 2448 et
448 2416 605 2449 honorem
617 2417 671 2450 Dei
687 2418 847 2461 pertinere
863 2419 1024 2461 noveritis,
1036 2422 1159 2456 etiamsi

404 2465 503 2508 magis
515 2466 652 2509 speciale
662 2467 846 2500 mandatum
864 2468 1000 2512 exigant,
1011 2470 1157 2510 faciendi,

402 2515 534 2557 gerendi
551 2521 581 2548 et
600 2517 781 2557 exercendi,
806 2518 933 2562 plenam
955 2525 985 2552 et
1013 2520 1157 2563 liberam,

402 2564 592 2597 auctoritate
614 2571 644 2598 et
663 2571 774 2599 tenore
796 2568 986 2611 praedictis,
1010 2572 1158 2604 concedi-

403 2623 476 2647 mus
496 2619 684 2657 potestatem
710 2621 740 2648 et
760 2617 995 2651 auctoritatem.

442 2673 451 2699 ¹
475 2671 598 2708 Legimus
618 2675 775 2701 mandamus
795 2674 832 2712 (a.
850 2675 898 2712 r).

1015 271 1073 295 BUL
1078 271 1194 297 LARIL'M

1223 269 1373 294 ROMANUM
1420 299 1423 303 .

1221 441 1281 463 nus
1315 430 1497 463 iniunctum
1531 430 1620 463 vobis
1644 441 1763 463 munus
1790 429 1977 464 huiusmodi

1221 484 1263 517 ita
1296 483 1431 527 implere
1461 483 1625 524 studeatis,
1647 489 1682 517 ut
1710 483 1827 528 sperati
1853 484 1978 517 fructus

1221 538 1294 571 inde
1314 536 1514 581 proveniant,
1532 548 1652 580 vosque
1667 548 1685 570 a
1702 537 1794 570 nobis
1814 548 1977 571 commen-

1220 591 1403 630 dationem,
1441 595 1471 623 et
1503 601 1521 623 a
1544 591 1620 631 Deo,
1643 591 1804 624 bonorum
1839 602 1977 635 operum

1219 645 1437 684 distributore,
1471 643 1629 677 felicitatis
1661 650 1809 678 aeternae
1840 645 1976 688 gloriam

1220 699 1373 742 consequi
1397 698 1536 731 valeatis.

1261 753 1374 786 Datum
1396 753 1525 793 Romae,
1550 752 1636 796 apud
1656 752 1808 786 Sanctum
1833 752 1975 793 Petrum,

1218 817 1301 840 anno
1326 805 1560 839 incarnationis
1593 805 1774 839 dominicae
1803 806 1974 840 millesimo

1217 859 1476 904 quingentesimo
1511 859 1707 902 sexagesimo
1731 860 1854 904 primo,
1887 864 1974 893 sexto

1218 915 1289 947 idus
1314 913 1432 954 martii,
1455 913 1663 958 pontificatus
1683 913 1783 947 nostri
1809 924 1893 947 anno
1915 924 1947 947 11.

1275 972 1336 1002 Dat.
1355 972 1401 1001 die
1419 972 1456 1001 10
1470 971 1567 1001 martii
1586 971 1674 1009 1561,
1688 971 1789 1009 pontis.
1803 981 1879 1001 anno
1898 981 1927 1002 ιι.

1499 1120 1643 1154 XXXVII.

1216 1189 1305 1228 Quod
1324 1188 1408 1221 bona
1434 1188 1546 1221 omnia
1566 1188 1710 1229 fratrum
1729 1187 1874 1221 militum
1898 1187 1969 1220 hos-

1255 1241 1370 1285 pitalis
1388 1241 1505 1275 Sancti
1528 1241 1665 1274 Ioannis
1680 1241 1972 1284 Hierosolymitani

1256 1295 1370 1338 ubique
1394 1295 1629 1334 decedentium,
1665 1295 1765 1328 etiam
1784 1305 1822 1327 ex
1853 1294 1972 1328 illicita

1257 1349 1477 1392 neqocz'atz'one
1495 1349 1672 1392 acquisita,
1694 1350 1745 1381 uti
1767 1348 1883 1392 spolia,
1904 1358 1971 1381 non

1256 1402 1299 1434 ad
1311 1401 1483 1435 Cameram
1497 1402 1726 1445 Apostolicam,
1743 1401 1798 1434 sed
1807 1401 1971 1444 adipsum

1257 1456 1413 1498 hospitale
1432 1459 1572 1499 spectent
1591 1459 1620 1488 et
1641 1455 1830 1499 pertineant
1851 1454 1878 1487 1.

1256 1536 1318 1564 Pius
1334 1536 1405 1571 Papa
1423 1536 1466 1568 tv,
1484 1537 1518 1564 ad
1530 1536 1691 1572 perpetuam
1705 1535 1746 1565 rei
1759 1535 1928 1564 memoriam.

1255 1606 1389 1640 Romani
1420 1608 1552 1641 interest
1579 1606 1744 1641 Pontificis
1772 1611 1807 1640 ut
1832 1612 1966 1641 cuncto-

1210 1671 1282 1693 rum
1307 1660 1365 1694 sibi
1399 1667 1430 1694 et
1449 1661 1522 1694 Sedi
1538 1661 1738 1705 Apostolicae
1758 1661 1964 1702 devotorum,

1211 1715 1399 1758 praesertim
1434 1716 1569 1748 fratrum
1608 1715 1765 1756 militum,
1793 1715 1861 1760 qui,
1884 1721 1965 1749 tam-

1209 1778 1306 1811 quam
1337 1768 1545 1802 sortissimum
1580 1769 1777 1802 orthodoxae
1810 1769 1884 1802 fidei
1908 1769 1964 1803 ad-

1208 1832 1319 1854 versus
1331 1823 1572 1856 crudelissimos
1583 1822 1749 1856 christiani
1760 1823 1964 1858 nominisho-

1209 1880 1271 1908 stes
1286 1877 1582 1920 propugnaculum,
1600 1877 1699 1910 duros
1714 1877 1856 1910 hostium
1871 1888 1966 1922 expe-

1208 1934 1295 1962 ctant
1323 1930 1473 1970 insultus,
1490 1930 1609 1973 gratiae
1626 1936 1655 1964 et
1671 1931 1733 1964 alia
1751 1931 1797 1965 eis
1812 1942 1965 1966 concessa

1208 1990 1242 2017 ut
1261 1984 1382 2018 illibata
1411 1986 1468 2019 sibi
1495 1991 1693 2026 remaneant,
1720 1987 1904 2031 providere,
1932 1992 1964 2021 et

1207 2051 1260 2073 eas
1280 2040 1515 2080 concessiones,
1539 2051 1621 2083 quae
1642 2040 1752 2083 gratiis
1775 2040 1961 2075 huiusmodi

1206 2095 1336 2138 aliquod
1349 2096 1464 2128 inferre
1477 2094 1711 2139 praeiudicium
1719 2101 1774 2128 aut
1784 2107 1838 2130 eas
1847 2096 1961 2130 dubias

1206 2149 1340 2183 reddere
1370 2149 1529 2189 videntur,
1561 2149 1599 2182 ad
1625 2160 1754 2183 omnem
1785 2150 1960 2184 tollendam

1205 2202 1383 2236 haesitandi
1403 2203 1583 2241 materiam,
1606 2214 1642 2236 ac
1662 2214 1774 2246 pacem
1790 2204 1959 2238 confoven-

1204 2256 1290 2297 dam,
1317 2258 1501 2298 declarare,
1537 2257 1681 2300 aliasque
1710 2262 1741 2290 et
1764 2257 1826 2290 alia
1853 2258 1885 2291 in
1909 2257 1959 2292 his

1203 2310 1343 2353 operari,
1369 2316 1463 2355 prout
1491 2310 1523 2343 in
1544 2310 1680 2344 Domino
1706 2311 1877 2344 salubriter
1902 2323 1956 2346 co-

1202 2364 1326 2407 gnoscit
1346 2365 1506 2410 expedire.

1245 2419 1259 2461 ξ,
1280 2418 1309 2450 t.
1334 2419 1415 2452 Sane
1439 2419 1542 2460 nobis,
1569 2429 1628 2463 pro
1654 2424 1743 2463 parte
1763 2419 2093 2484 dile⁰t⁰¹⁸un¹.-¹{⁰¹²³0,⁸
2114 2432 2154 2486 [Ὤ.

1979 2468 1994 2482 ri
2012 2468 2036 2483 US
2101 2470 2128 2485 1111
2148 2476 2155 2482 ·

1969 2493 2024 2515 tibus

1202 2467 1343 2500 tiliorum
1383 2468 1490 2511 magni
1528 2468 1670 2511 magistri
1703 2473 1733 2501 et
1779 2475 1955 2505 conventus

1200 2567 1379 2611 expositum
1406 2568 1506 2611 quod⁷
1535 2568 1609 2600 licet
1634 2567 1742 2600 omnia
1774 2573 1804 2601 et
1828 2568 1954 2613 singula

1236 2634 1247 2659 1
1276 2633 1313 2660 De
1328 2633 1376 2661 hac
1393 2634 1484 2661 militia
1511 2633 1571 2660 vide
1598 2633 1813 2662 constitutionem
1830 2644 1868 2664 xv
1885 2638 1952 2665 Ana-

1199 2678 1275 2706 stasii
1292 2685 1320 2708 lv
1332 2698 1338 2713 ,
1351 2679 1526 2711 Christianae,
1548 2683 1612 2707 tom.
1631 2686 1660 2713 ιι,
1678 2686 1735 2717 pag.
1754 2680 1816 2710 618.

1993 270 2043 295 An.
2060 268 2090 295 C.
2111 268 2174 295 1561

1267 322 1332 367 §4-
1359 322 1516 362 Quocirca
1542 322 1825 367 circumspectioni
1855 326 1976 356 vestrae
2006 329 2179 352 Eosdemadhor-

1222 387 1281 421 per
1300 376 1475 420 apostolica
1496 376 1613 420 scripta
1642 376 1834 410 mandamus
1863 381 1976 419 quate·
1990 363 2057 413 {iisss‘o
2070 364 2178 414 nimici&

1992 424 2038 443 neri
2052 426 2101 450 apte
2117 424 2178 445 satis-

1990 453 2077 476 saciant.

2007 1618 2074 1640 Causa
2103 1619 2165 1641 huiu-

1981 1649 2131 1672 declarationis
2143 1655 2165 1673 et

1980 1683 2138 1704 concessionis.

2078 2495 2154 2517 retici»

1201 2517 1367 2561 hospitalis
1387 2517 1494 2551 Sancti
1514 2518 1641 2551 Ioannis
1660 2517 1952 2563 Hierosolymitani‚
1967 2526 2155 2583 flf'fxtggzffibuffi

1967 2587 1993 2608 ad
2012 2586 2149 2615 Religionem.
