2237 3100
849 280 944 305 mossx
963 281 1070 305 RERUM
1613 272 1699 306 1017

286 330 546 371 deferant‚2'bz·d.
570 331 695 365 Poenae
718 332 1005 373 in-molestatores,
1028 333 1106 365 ibid.
1128 332 1406 375 indulgentiarum
1428 332 1645 373 confirmatio,
1661 334 1741 368 ibid.

275 382 351 416 Pius
372 384 394 416 V
411 383 629 427 indulgentias
649 384 813 418 sodalibus
835 395 1004 418 concessas
1021 386 1204 426 ‹·ontirmat,
1225 385 1290 418 775
1301 396 1336 424 ci:
1348 385 1509 419 sodalitati
1528 396 1648 419 nomen
1669 387 1747 420 dan-

277 436 363 469 tibus
392 437 573 481 plenariam
612 438 847 479 indulgentiam
879 438 1050 477 concedit,
1083 439 1226 481 aliasque
1254 450 1313 483 pro
1345 438 1477 473 diversis
1506 438 1582 472 anni
1608 439 1743 481 diebus,

282 489 347 523 77ss
371 502 401 523 a.
432 490 465 523 V.
490 491 676 524 Dominicus
695 492 759 534 (S.)

186 542 266 576 Rota
295 543 439 576 Romana
461 545 723 585 commendatur,
747 545 954 578 reformanda
975 556 1011 577 ea
1032 545 1243 578 nihilomiuus
1266 551 1323 585 est,
1339 545 1403 578 155
1424 557 1454 578 (ι.
1479 546 1674 579 Auditorum
1696 546 1744 579 sa-

275 597 378 629 cultas
398 597 485 630 circa
506 608 634 631 caussas
655 598 700 631 eis
716 598 917 639 commissas,
934 598 1013 630 ibid.
1038 598 1066 630 b.
1091 598 1338 641 l'rorogationes
1355 599 1499 631 fatalium
1520 599 1745 633 concedantur

272 649 343 682 eius
363 649 517 689 arbitrio,
538 650 618 683 ibid.
645 650 829 684 Sententiae
850 661 916 683 non
948 650 1167 694 proterantm·‚
1194 651 1254 683 uisi
1285 661 1396 684 caussa
1417 651 1448 683 in
1470 651 1549 684 Rota
1575 652 1743 695 proposita

272 706 302 734 et
340 701 457 735 habitis
494 703 574 736 votis
588 730 596 744 ,
629 714 712 746 quae
746 709 774 737 et
816 703 1036 747 publicentur,
1064 704 1142 736 ibid.
1171 703 1396 736 Tabellionum
1429 714 1549 738 munus
1579 704 1743 748 accipien—

274 755 354 789 tium
382 757 511 791 decreta
536 758 575 791 ad
597 758 816 797 referendum,
847 757 912 791 156
937 769 967 790 a.
997 758 1181 791 Sententiae
1213 768 1278 791 non
1300 758 1507 800 proferantur
1532 764 1606 792 ante
1635 759 1743 802 perfe-

273 815 360 842 ctum
382 817 577 853 regestrum,
595 811 674 844 ibid.
701 811 896 844 Earumdem
918 811 1012 854 copia
1039 811 1225 855 petentibus
1246 812 1363 852 danda,
1386 812 1466 845 ibid.
1494 812 1632 845 Caussac
1652 811 1745 845 audi-

271 872 378 899 torum
404 878 585 912 eorumque
606 868 815 901 familiarium
846 873 876 901 et
897 868 1215 911 consanguineorum
1246 878 1310 901 non
1337 874 1574 911 cognoscantur
1595 869 1627 902 in
1648 869 1740 909 Rota,

272 921 351 953 ibid.
374 921 568 954 Auditorum
591 922 759 955 domestici
780 922 828 955 rel
845 922 964 955 notarii
985 933 1018 955 se
1035 932 1099 955 non
1116 922 1332 955 intromittant
1346 921 1377 954 in
1393 922 1514 956 caussis
1529 922 1642 962 Rotae,
1660 922 1739 955 ibid.

271 974 444 1007 Auditores
464 985 529 1007 nnn
560 975 714 1008 inducant
739 981 847 1019 partes
866 976 906 1008 ad
934 976 1165 1008 assumendum
1192 980 1317 1008 certum
1343 975 1532 1009 advocatum
1553 975 1601 1008 vel
1624 985 1742 1018 procu-

272 1034 424 1069 ratorem,
448 1029 527 1061 ibid.
551 1029 583 1068 b;
619 1028 699 1061 nihil
731 1029 905 1072 disponant
929 1029 1110 1062 contraius
1136 1029 1183 1061 vel
1218 1034 1329 1063 contra
1360 1029 1460 1062 Rotae
1489 1029 1626 1072 stylum,
1660 1028 1740 1062 ibid.

271 1081 440 1115 Nullitates
452 1092 517 1115 non
531 1083 748 1123 attendantur,
763 1083 824 1115 nisi
838 1083 965 1115 defectu
984 1082 1229 1122 iurisdictionis,
1249 1082 1410 1116 citationis
1426 1082 1473 1115 vel
1491 1082 1644 1122 mandati,
1660 1082 1740 1115 ibid.

272 1136 296 1167 Α
317 1135 531 1178 liquidatione
552 1135 717 1168 fructuum
739 1142 769 1169 et
785 1146 1000 1179 expensarum
1021 1136 1120 1169 semel
1150 1136 1351 1179 appelletur,
1379 1136 1459 1168 ibid.
1487 1134 1622 1174 Quando
1651 1135 1744 1168 audi-

272 1194 358 1222 tores
384 1188 423 1221 ad
443 1188 677 1222 Cancellariam
697 1199 825 1223 caussas
846 1189 1011 1222 remittere
1038 1189 1180 1233 possint,
1211 1190 1290 1222 ibid.
1306 1201 1317 1229 ‚·
1339 1199 1468 1222 caussas
1494 1188 1679 1222 criminales
1704 1188 1743 1221 ad

273 1241 397 1275 iudices
416 1241 599 1275 ordinarios
619 1243 797 1283 remittant,
835 1243 912 1276 ibid.
949 1242 1016 1281 Qua
1037 1242 1161 1275 ratione
1182 1243 1348 1286 sportulae
1374 1242 1414 1275 ab
1434 1241 1638 1275 auditoribus
1658 1241 1742 1275 reci-

271 1295 420 1339 piendae,
443 1295 506 1329 157
536 1307 567 1329 ci.
590 1296 720 1329 Eaedem
737 1306 836 1339 penes
863 1295 1072 1329 tabellionem
1086 1296 1293 1339 deponantur
1323 1301 1394 1340 post
1413 1295 1510 1328 latam
1532 1293 1742 1334 sententiam,

271 1349 341 1382 ibid
360 1349 388 1382 b.
404 1348 608 1382 Tabelliones
624 1348 731 1383 idonei
751 1349 929 1392 eligantur,
952 1349 1007 1392 qui
1028 1348 1135 1382 officia
1159 1359 1224 1382 non
1235 1349 1409 1383 arrendent
1430 1354 1461 1382 et
1475 1358 1534 1393 pro
1555 1347 1744 1382 substituto-

268 1412 341 1436 rum
367 1402 451 1437 sacto
474 1408 662 1445 teneantur,
690 1403 770 1436 ibid.
806 1402 838 1436 V.
864 1403 1058 1437 Decanatus.

942 1566 974 1608 S

178 1667 352 1701 Salvatoris
370 1666 456 1711 (SS.)
476 1666 624 1700 canonici
646 1667 823 1710 regulares.
855 1666 888 1699 V.
917 1666 1158 1700 Lateranenses.

179 1720 324 1754 Scelesti.
352 1720 386 1753 V.
410 1720 612 1754 Homicidae.
1245 1723 1264 1739 ⁶

181 1773 364 1807 Scholares.
395 1773 428 1806 V.
452 1773 617 1807 Doctores.

180 1827 349 1870 Sclopetos
360 1827 518 1860 brevioris
538 1826 624 1859 modi
643 1827 905 1869 (vulgopislble),
923 1827 977 1869 qui
998 1826 1078 1859 duos
1093 1826 1215 1869 palmos
1230 1835 1293 1858 non
1317 1824 1490 1867 attingunt,
1506 1824 1645 1856 retinere
1658 1823 1737 1856 veti-

268 1880 422 1920 tum,‘l71
448 1881 475 1913 b.
500 1880 821 1913 Contravenientium
837 1879 1050 1923 poenae,‘172
1073 1891 1103 1911 a.
1125 1879 1238 1911 Nullus
1265 1877 1452 1911 officialium
1475 1877 1620 1910 licentias
1641 1877 1738 1909 desu-

270 1944 328 1977 per
348 1933 466 1967 audeat
486 1933 677 1973 concedere,
702 1933 779 1966 ibid.
802 1933 889 1972 Quae
909 1933 934 1966 si
956 1933 1085 1972 dentur,
1109 1932 1231 1966 nullius
1244 1933 1308 1965 sint
1329 1931 1466 1971 roboris,
1489 1931 1569 1963 ibid.

180 1985 279 2019 Sedes
300 1986 485 2031 Apostolica
505 1997 608 2030 aequa
628 1996 757 2030 semper
778 1987 809 2019 in
831 1986 984 2019 omnibus
1008 1985 1220 2026 distributrix‚
1242 1985 1306 2018 0229
1328 1996 1358 2018 a.

179 2038 345 2073 Senatoris
379 2039 473 2073 Urbis
502 2040 659 2073 alterutro
691 2039 868 2073 collaterali
890 2039 997 2073 iudice
1027 2039 1156 2072 infirmo
1187 2039 1234 2072 vel
1261 2038 1412 2078 absente,
1440 2037 1573 2080 quinam
1601 2035 1743 2069 absentis

267 2093 316 2126 vel
337 2092 459 2126 infirmi
484 2093 553 2127 vice
574 2093 740 2136 fungatur,
767 2092 831 2126 372
854 2093 882 2125 b.

178 2145 326 2189 Sepulcri
345 2146 408 2190 (S.)
427 2146 514 2180 Ordo
534 2146 752 2191 supprimitur
772 2146 811 2179 ab
827 2145 1016 2179 Innocentio
1028 2146 1105 2179 VIII.
1134 2146 1167 2178 V.
1193 2143 1505 2189 Hierosolymitanus
1525 2141 1623 2175 Ordo.

177 2198 264 2233 Servi
285 2200 421 2234 dominii
434 2206 465 2234 et
482 2210 606 2244 poenae
623 2206 790 2243 nequeunt
816 2199 899 2233 inter
928 2200 1041 2233 fratres
1061 2199 1221 2232 Ordinum
1243 2198 1473 2242 religiosorum
1491 2195 1606 2238 recipi,
1630 2193 1693 2228 707
1710 2193 1743 2234 b,-

268 2253 331 2286 iam
352 2254 472 2297 recepti
504 2253 616 2286 habitu
638 2259 808 2293 exuantur,
830 2259 860 2286 et
883 2253 1036 2296 legitimis
1064 2253 1205 2286 dominis
1227 2251 1470 2294 consignentur,
1503 2247 1567 2282 768
1591 2259 1621 2281 α.
1640 2247 1741 2281 Loco-

269 2316 341 2338 rum
368 2306 540 2339 ordinariis
561 2312 764 2350 opportunae
785 2306 824 2339 ad
846 2306 877 2338 id
903 2305 1070 2339 facultates
1094 2305 1332 2345 conceduntur,
1360 2303 1439 2336 ibid.

181 2359 379 2393 Servitarum
399 2360 496 2394 Ordo.
527 2360 560 2393 V.
588 2360 704 2393 Mariae
722 2360 786 2402 (B.)
807 2359 981 2393 Servorum
1002 2359 1098 2393 Ordo.

180 2413 322 2447 Societas
346 2413 415 2447 Iesu
436 2414 475 2447 ad
497 2414 713 2447 Mendicantes
738 2413 872 2446 Ordines
897 2425 969 2447 vere
1005 2414 1140 2457 pertinet
1173 2422 1351 2455 eorumque
1384 2409 1560 2455 privilegiis
1589 2408 1742 2441 omnibus

269 2467 400 2510 gaudet,
423 2466 487 2500 923
507 2467 524 2497 b
549 2472 580 2500 et
599 2478 661 2510 seq.

180 2518 353 2553 Somascha
377 2519 444 2562 (de)
464 2519 529 2552 sive
549 2519 580 2552 S.
605 2520 709 2552 Maioli
732 2520 927 2553 clericorum
949 2520 1149 2562 regularium
1175 2517 1383 2561 congregatm
1405 2514 1590 2548 facultatem
1615 2513 1739 2547 obtinet

269 2583 286 2605 a
299 2572 397 2605 Paulo
417 2571 455 2605 III
475 2572 653 2616 quamlibet
671 2583 707 2605 ex
728 2572 795 2605 suis
815 2573 960 2606 ecclesiis
974 2573 1006 2604 in
1019 2572 1156 2605 aliarum
1171 2576 1264 2614 caput
1281 2568 1434 2612 eligendi,
1451 2567 1514 2601 729
1536 2567 1568 2605 b‚-
1585 2565 1616 2600 S.
1633 2566 1740 2599 Maioli

269 2625 434 2669 Papieusis
463 2625 611 2665 ecclesia,
635 2636 653 2658 a
681 2625 835 2659 cardinali
858 2626 1077 2659 Borrliomaeo
1107 2622 1349 2665 congregationi
1375 2632 1545 2661 concessa,
1574 2620 1660 2653 liunc
1681 2620 1740 2652 lio-

270 2689 383 2712 norem
409 2678 611 2722 adipiscitur,
635 2679 735 2715 17b2'‹I.,·
767 2680 932 2723 orphanos
962 2680 1091 2713 erudire
1113 2684 1143 2711 et,
1172 2677 1368 2711 clericorum
1395 2674 1566 2709 seminaria
1599 2672 1740 2708 studiose

305 2731 379 2762 Ball.
403 2731 482 2763 Rom.
511 2731 564 2762 Vol.
593 2730 649 2762 Vll.
855 2732 911 2762 128
