2237 3100
83 299 132 325 An.
151 299 179 326 C.
198 299 265 326 ¹560

321 348 382 393 54.
404 348 483 382 Cum
504 348 646 388 decreto,
678 346 907 387 declaratione,
935 347 1029 380 dero-

93 404 260 431 Rervefflioelau-
276 398 404 442 gatione
420 402 450 431 et
469 396 539 430 aliis
559 397 597 430 de
618 408 654 430 ac
676 407 734 440 pro
745 396 894 429 omnibus
914 407 1028 440 supra-

79 434 175 456 ⁵¹¹¹³¹¹¹¹²
275 447 379 489 dictis,
394 458 476 492 quae
487 446 540 480 hic
553 457 612 489 pro
624 446 821 479 sufficienter
832 450 860 478 et
872 446 910 478 ad
922 451 1029 489 partes

274 496 418 542 repetitis
433 497 623 537 habeantur,
640 495 792 528 latissime
822 495 1028 527 extendendis

274 551 430 592 perpetuo
452 546 484 578 in
495 546 596 578 forma
607 545 744 588 gratiosa
756 556 762 584 ;
775 549 815 585 et,
824 544 847 576 si
858 543 1026 581 videbitur,

273 596 383 630 literae
404 596 543 639 desuper
563 595 601 627 ad
624 600 811 638 perpetuam
831 593 876 626 rei
903 603 1026 625 memo-

273 645 364 685 riam,
383 655 455 678 curn
469 644 722 689 praemissorum
743 643 888 676 omnium
910 647 939 674 et
960 642 1025 674 sin-

272 695 435 738 gulorum,
447 694 542 727 etiam
553 703 671 726 nomen
681 697 712 725 et
722 701 915 734 cognomen,
929 691 1025 724 etiam

272 744 505 777 beneficiorum
539 742 583 775 sic
616 743 879 785 impetratorum,
912 751 1025 773 eorum

272 794 470 837 qualitatem,
494 792 589 825 etiam
607 791 795 824 maioritatis
812 794 842 823 et
861 790 1024 835 principa-

272 843 378 883 litatis,
401 848 432 876 et
458 842 511 875 illa
532 841 774 885 impetrantium
807 840 838 872 in
864 850 896 872 se
921 842 1024 874 conti-

271 892 431 932 nentium,
455 891 549 925 etiam
572 891 596 923 si
617 889 794 923 cardinales
814 889 862 921 vel
882 889 971 930 alias,
990 896 1025 924 ut

271 942 461 987 praefertur,
478 939 653 984 qualificati
666 938 794 977 fuerint,
814 948 851 970 ac
870 939 1025 982 temporis

270 990 464 1024 detentionis
481 989 595 1023 maiori
618 993 648 1022 et
667 986 781 1020 veriori
807 986 1023 1031 expressione,

269 1039 422 1073 latissime
442 1038 669 1077 extendendae,
685 1047 742 1081 per
756 1036 850 1069 breve
876 1041 1022 1070 nostrum

270 1088 411 1132 expediri
433 1093 463 1121 et
480 1088 511 1120 in
524 1087 606 1120 dicta
617 1084 813 1119 Cancellaria
823 1090 853 1118 et
863 1085 941 1118 alias
951 1086 1022 1119 ubi-

269 1137 346 1171 libet
356 1136 514 1181 publicari
526 1135 657 1179 possint3
671 1139 710 1173 et,
728 1134 752 1166 si
761 1134 932 1174 videbitur,
947 1146 1021 1168 cum

269 1193 453 1231 opportuno
475 1186 604 1219 decreto
620 1183 706 1227 quod
718 1182 846 1215 illarum
858 1188 1021 1217 transum-

268 1235 339 1279 ptis,
366 1246 462 1268 manu
483 1232 596 1266 notarii
621 1231 743 1276 publici
775 1232 965 1276 subscriptis
991 1240 1022 1267 et

269 1283 372 1327 sigillo
396 1283 531 1316 alicuius
551 1292 708 1326 personae
734 1281 766 1314 in
792 1282 946 1324 dignitate
967 1294 1020 1317 ec-

228 1360 238 1369 „
269 1333 443 1366 clesiastica
468 1331 660 1364 constitutae
697 1342 754 1364 seu
785 1331 895 1364 curiae
916 1333 1020 1366 eccle-

265 1381 410 1414 siasticae
442 1380 575 1414 munitis
591 1409 599 1422 ,
631 1381 742 1414 eadem
773 1391 906 1424 prorsus
930 1382 1019 1422 fides,

265 1429 298 1462 in
318 1429 438 1463 iudicio
463 1434 494 1463 et
514 1436 611 1471 extra,
633 1430 836 1471 adhibeatur,
850 1442 932 1474 quae
954 1432 1019 1464 ori-

263 1479 424 1522 ginalibus
440 1480 660 1521 adhiberetur,
683 1480 708 1513 si
734 1481 840 1513 forent
859 1481 1019 1515 exhibitae

261 1530 310 1563 vel
326 1534 482 1571 ostensae,
493 1530 646 1563 latissime
659 1530 784 1563 extendi
802 1530 935 1574 possint,
948 1543 1016 1572 seu,

84 1583 132 1619 ⁵⁰¹?
142 1584 247 1610 *imaum
262 1579 465 1620 sividebitur,
475 1579 652 1624 praesentis
660 1585 768 1613 motus
775 1580 911 1624 proprii,
922 1581 1017 1614 etiam

63 1613 145 1636 'uffim'
261 1629 381 1674 absque
398 1629 484 1663 illius
504 1629 713 1673 registratura
729 1635 760 1663 et
780 1630 865 1670 data,
887 1632 953 1664 sola
976 1632 1017 1665 si-

260 1683 395 1722 gnatura
411 1679 549 1712 sufficiat
569 1684 599 1713 et
618 1679 739 1723 ubique
757 1679 852 1712 fidem
865 1680 967 1721 faciat,
985 1680 1017 1714 in

259 1727 379 1762 iudicio
405 1733 435 1761 et
455 1733 562 1768 extra,
589 1739 797 1772 quacumque
823 1730 935 1773 regula
960 1742 1016 1763 seu

259 1776 487 1810 constitutione
503 1777 680 1822 apostolica
697 1779 857 1811 contraria
876 1790 941 1812 non
958 1780 1015 1812 ob-

259 1831 373 1860 stante.

570 1876 649 1910 Fiat.
676 1878 700 1911 I.

300 1925 415 1958 Datum
436 1925 556 1958 Romae
582 1927 668 1970 apud
694 1926 848 1960 Sanctum
869 1928 1011 1969 Petrum,

258 1975 373 2019 quinto
393 1975 466 2009 idus
486 1975 639 2016 octobris,
657 1987 742 2010 anno
759 1986 781 2010 1.

296 2028 358 2059 Dat.
376 2030 423 2059 die
443 2030 473 2059 11
493 2029 621 2059 octobris
641 2030 728 2067 1560,
742 2031 843 2069 pontif.
860 2041 936 2061 anno
955 2041 973 2061 1.

583 2147 687 2180 XVIII.

261 2208 478 2242 Vassallorum
505 2210 715 2253 oblv'slationes
742 2211 779 2243 de
805 2215 905 2244 cetero
934 2213 1013 2255 fien-

298 2257 358 2290 dae
384 2269 444 2301 pro
477 2270 586 2292 eorum
612 2260 754 2293 dominis
778 2259 855 2293 Sedz'
877 2261 1012 2304 Aposto-

298 2307 379 2340 licue
390 2308 551 2346 subiectis,
569 2309 677 2341 nullae
692 2313 807 2347 erunt;
829 2314 857 2343 et
886 2311 1014 2344 dommi

297 2366 407 2389 eorum
433 2358 592 2396 vassallos,
615 2358 654 2390 ab
674 2358 924 2401 obliyatiom‘bus
945 2361 1013 2394 iam

296 2406 393 2448 saccis
425 2408 591 2441 indemnes
629 2409 779 2450 relevare,
802 2414 831 2443 et
856 2412 1012 2454 pecunias

296 2456 416 2489 solatas
437 2457 529 2499 infra
555 2468 609 2489 scr
629 2468 751 2491 menses
777 2460 945 2494 restituere
964 2472 1012 2495 co-

297 2509 425 2548 yenlur.

356 2573 417 2602 Pius
444 2573 514 2611 Papa
543 2574 585 2608 IV,
607 2576 684 2604 motu
707 2576 833 2612 proprio,
854 2578 908 2606 cto.

298 2635 378 2675 Quia
407 2647 471 2670 non
498 2637 603 2671 solum
624 2650 661 2671 ex
684 2638 792 2673 debito
821 2641 961 2675 caritatis
982 2647 1011 2675 et

79 2663 157 2685 Causae
172 2666 238 2687 istiu·

952 293 1019 318 PIUS
1044 295 1073 317 1v
1098 295 1144 319 PP.

1741 282 1783 315 65

1072 354 1101 380 et
1122 347 1284 380 Romanae
1304 344 1464 378 Ecclesiae
1500 343 1702 377 subditorum
1734 354 1829 387 prae-

1072 402 1200 446 cipuam
1222 411 1335 434 curam
1360 404 1471 431 tenero
1497 398 1664 437 debemus,
1688 398 1754 437 sed,
1770 409 1829 442 pro

1072 456 1225 488 interesse
1260 454 1354 487 ctiam
1387 451 1575 497 pecuniario
1605 451 1694 485 Sedis
1715 457 1745 485 et
1769 452 1827 485 Ca-

1072 519 1178 542 merae
1200 508 1380 552 praefatae,
1409 506 1564 538 debemus
1588 505 1777 549 prospicere
1798 510 1829 539 et

1070 574 1184 595 curare
1209 567 1243 595 ut
1268 573 1304 595 ex
1324 560 1435 599 terris,
1463 559 1654 599 civitatibus,
1686 560 1825 603 oppidis,

1069 615 1193 655 castris,
1216 615 1298 648 villis
1318 618 1348 647 et
1373 614 1470 653 locis,
1495 612 1664 656 temporali
1683 612 1827 645 (lor‘ninio

1070 668 1243 708 comitum,
1276 668 1459 707 baronum,
1491 666 1738 699 domicellorum
1773 672 1828 699 aut

1069 722 1147 754 alias
1167 722 1412 765 quomodolibet
1432 726 1710 765 nuncupatorum,
1734 721 1826 754 nobis

1068 776 1285 816 subditorum,
1323 775 1475 815 oriundi,
1504 781 1558 808 aut
1594 775 1722 809 illarum
1757 776 1826 809 illo-

1068 841 1207 873 rumque
1229 830 1353 863 incolae
1373 835 1402 863 et
1431 830 1628 863 habitatores
1646 830 1711 863 suis
1728 830 1826 863 facul-

1069 883 1185 916 tatibus
1206 894 1269 916 non
1290 884 1538 921 exhauriantur,
1562 884 1825 927 ‹piamloquidem

1067 937 1106 969 ad
1122 942 1347 981 paupertatem
1367 937 1499 976 redacti,
1523 948 1586 970 non
1606 938 1749 970 valerent
1765 938 1827 971 sol-

1065 1001 1139 1023 vere
1160 990 1313 1030 subsidia,
1342 995 1373 1023 et
1388 990 1523 1023 sufferre
1540 1001 1651 1031 onera,
1672 1002 1753 1034 quac
1771 1002 1826 1024 no-

1066 1043 1114 1076 bis
1135 1049 1165 1076 et
1185 1044 1258 1077 Sodi
1278 1055 1316 1076 ac
1332 1043 1484 1077 Gamerae
1505 1043 1672 1087 praefatis,
1700 1044 1824 1078 ratione

1066 1096 1303 1141 superioritatis
1319 1101 1349 1130 et
1361 1096 1450 1137 alias,
1471 1101 1535 1129 tarn
1549 1097 1710 1130 ordinarie
1726 1109 1823 1141 quam

1065 1151 1331 1191 extraordinarie,
1354 1156 1451 1195 prout
1471 1151 1639 1194 contingit,
1663 1158 1824 1195 praestare

1065 1209 1216 1238 tenentur
1235 1209 1266 1238 et
1282 1209 1530 1238 consueverunt.
1554 1205 1591 1237 Et
1610 1204 1710 1248 (sicut
1730 1217 1823 1239 accc-

1064 1258 1189 1301 pimus)
1219 1269 1335 1301 pravus
1360 1257 1491 1301 quidam
1518 1258 1638 1291 abusus
1664 1269 1685 1301 *a
1715 1259 1823 1292 multis

1064 1311 1156 1344 anuis
1177 1311 1256 1344 citra
1276 1311 1407 1344 inolevit
1430 1312 1517 1355 quod
1544 1313 1692 1345 nonnulli
1714 1324 1750 1345 ex
1771 1324 1823 1346 co—

1064 1365 1211 1406 mitibus,
1240 1366 1418 1399 baronibus
1443 1371 1473 1399 ct
1499 1366 1568 1399 aliis
1590 1368 1821 1411 temporalibus

1063 1419 1242 1453 domicellis
1267 1420 1429 1464 praefatis,
1465 1431 1523 1464 per
1551 1420 1670 1464 scipsos
1695 1422 1742 1454 vel
1764 1433 1822 1465 per

1062 1473 1140 1506 alias
1161 1474 1199 1507 ad
1225 1485 1338 1507 eorum
1372 1474 1581 1507 commodum
1616 1475 1820 1519 interpositas

1062 1538 1228 1571 personas,
1246 1528 1436 1573 accipiendo
1455 1529 1611 1572 pecunias
1628 1534 1741 1562 mutuo
1763 1541 1820 1563 seu

1061 1582 1140 1614 alios
1161 1588 1346 1615 contractus
1374 1582 1539 1622 faciendo,
1564 1583 1681 1616 faciunt
1710 1583 1819 1617 cirita-

1060 1640 1145 1677 tum,
1178 1637 1395 1681 oppidorum,
1422 1642 1615 1677 castrorum,
1644 1643 1816 1680 terrarum,

1059 1689 1207 1722 villarum
1226 1695 1254 1723 et
1276 1691 1425 1723 locorum
1444 1691 1502 1724 sibi
1525 1691 1728 1725 subditorum
1750 1692 1820 1725 uni-

1060 1744 1222 1777 versitates
1238 1745 1439 1782 cthomincs,
1460 1751 1490 1778 ct
1508 1746 1701 1790 plerut‘nque
1723 1747 1819 1780 etiarn

1060 1798 1272 1842 particulares
1304 1799 1458 1831 accedere
1485 1804 1515 1832 ct
1534 1799 1724 1841 fideiuhere,
1761 1812 1818 1835 seu

1059 1852 1280 1896 principaliter
1314 1858 1341 1885 et
1377 1853 1406 1885 in
1429 1853 1568 1886 solidum
1604 1854 1760 1897 oldigarm
1788 1862 1819 1889 et

1058 1906 1244 1940 adveniente
1267 1912 1413 1951 tempore
1432 1908 1469 1939 ad
1487 1907 1666 1941 faciendam
1688 1909 1819 1943 solutio-

1058 1971 1131 1994 nem
1167 1962 1215 1994 vcl
1255 1961 1526 2003 satisfactionem,
1570 1962 1645 2006 ipsis
1679 1963 1818 1997 dominis

1057 2026 1120 2048 non
1161 2015 1357 2049 solventibus
1390 2027 1494 2059 neque
1534 2016 1814 2059 satisfacientibus,

1057 2068 1164 2102 miseri
1186 2069 1304 2103 subditi
1326 2075 1488 2113 coguntur
1521 2071 1568 2103 vel
1600 2071 1638 2104 de
1664 2082 1722 2104 suo
1752 2073 1815 2105 sol-

1055 2134 1127 2156 vere
1162 2129 1192 2156 et
1221 2123 1403 2157 satisfacere
1431 2135 1468 2157 ac
1499 2124 1736 2168 depauperari;
1767 2127 1815 2160 vel

1056 2177 1177 2211 solvere
1198 2183 1228 2210 et
1255 2178 1438 2211 satisfacere
1465 2189 1530 2211 non
1557 2179 1714 2221 valentes,
1742 2191 1816 2214 cen-

1056 2230 1140 2263 suris
1161 2236 1187 2264 et
1211 2231 1390 2265 interdictis
1410 2232 1543 2272 subiici,
1570 2243 1606 2266 ac
1624 2244 1681 2277 per
1702 2245 1816 2267 execu-

1056 2290 1141 2318 tores
1161 2285 1327 2327 tribulari,
1356 2286 1587 2331 immensisque
1608 2288 1742 2321 fastidiis
1761 2300 1813 2322 ve-

1054 2339 1132 2380 xari,
1150 2341 1321 2373 etdemum
1340 2341 1378 2373 ad
1397 2341 1583 2374 solvendum
1603 2347 1630 2374 et
1658 2342 1813 2376 sufferen-

1054 2393 1131 2426 dum
1152 2394 1305 2428 Gamerae
1322 2394 1525 2439 Apostolicae
1546 2395 1687 2429 subsidia
1706 2402 1734 2429 ct
1751 2396 1812 2430 alia

1054 2448 1198 2491 praefata
1219 2448 1412 2492 impotentes
1440 2448 1542 2481 reddi.

1098 2498 1112 2540 ξ
1129 2498 1159 2531 1.
1178 2498 1240 2531 Nos
1257 2498 1365 2542 igitur,
1384 2504 1424 2531 tot
1443 2499 1743 2532 inconvenientibus
1758 2511 1812 2534 oc-
1853 2513 1932 2534 nomint
1949 2516 2012 2535 resn-

2001 2553 2011 2566 Χ

1054 2558 1207 2588 currere,
1237 2548 1432 2591 illorumque
1462 2548 1667 2582 occasionem
1698 2551 1809 2584 tollere
1826 2548 1884 2565 ‘⁰³¹¹‘
1904 2545 1957 2566 mss*
1975 2552 2002 2597 ⁵⁰1

1826 2581 1910 2596 nien-‘RS
1934 2583 1993 2597 thSSll
2005 2589 2011 2592 —

1055 2596 1204 2635 volentes,
1227 2603 1316 2630 motu
1335 2598 1467 2642 proprio
1494 2603 1524 2631 et
1541 2609 1577 2631 ex
1598 2604 1683 2632 certa
1705 2600 1808 2633 scien·
1825 2608 1849 2643 1³¹⁵
1859 2609 1959 2634 pecunias
1972 2616 2009 2634 vro

1053 2644 1094 2678 tia
1122 2657 1157 2679 ac
1188 2647 1226 2679 de
1252 2647 1447 2691 apostolicae
1478 2648 1643 2691 potestatis
1667 2649 1807 2692 plcnitu·
1825 2640 1955 2665 ⁰¹⁵⁵⁰¹¹¹¹²⁵⁵

1845 291 1894 317 Λιι.
1913 290 1940 317 C.
1965 291 2032 319 ¹560

54 2696 219 2718 constitutionis.
252 2686 421 2730 pastoralis
436 2687 546 2729 officii,
577 2699 642 2732 quo
659 2688 804 2723 omnium
819 2695 1010 2726 nostrorum
1029 2703 1036 2749 l
1053 2695 1139 2737 dine,
1162 2696 1319 2731 universis
1337 2702 1367 2731 et
1387 2697 1520 2741 singulis
1540 2697 1723 2739 comitibus,
1749 2698 1805 2732 ha-

331 2738 407 2770 Bull.
429 2739 507 2772 Rom.
530 2740 585 2772 Vol.
607 2741 663 2773 VII.
874 2744 891 2774 9
