2237 3100
247 293 296 319 An.
314 293 342 319 C.
365 293 431 320 {562

264 349 431 372 C⁰t¹¹r³ve¹¹³e¹r
446 357 547 390 genus
558 355 738 386 armornm,
750 345 848 389 lapsis
866 344 940 378 dieti
952 344 1061 388 viginti
1074 343 1196 383 diebus,

245 379 294 399 tium
311 385 401 406 paenae*

263 622 361 644 lnliibitio
378 629 430 644 con—

243 658 275 675 tra
286 655 387 675 ossi-:iales

244 685 342 706 licentias
365 687 429 706 defin-

244 723 282 745 per
302 720 427 739 concetant.

269 1420 368 1441 ticenum
390 1427 428 1441 au-

243 1456 285 1473 tem
300 1458 337 1479 per
348 1453 429 1472 otliria-

242 1483 274 1503 les
291 1485 370 1504 dandae
386 1484 431 1504 nul-

300 1515 348 1538 sint,
374 1519 394 1535 el
419 1522 429 1534 a

244 1551 318 1571 poenis
343 1546 425 1571 praedi-

244 1577 283 1596 ‹ti-
305 1583 346 1597 non
363 1582 429 1598 excu-

244 1611 300 1628 §enl-

274 2117 341 2138 lussio
362 2116 430 2144 publi-

245 2150 310 2170 candi

293 2577 352 2598 Fides
373 2580 433 2598 tran-

247 2612 383 2635 nummorum,

491 282 555 317 <172

442 400 621 438 retinuerit,
643 400 766 433 crimen
785 399 889 432 laesae
909 398 1082 432 maiestatis
1101 403 1131 430 et
1148 407 1198 430 re-

441 454 610 494 bellionis,
637 464 672 486 ac
703 463 823 497 poenas
848 463 907 496 pro
932 452 986 484 illo
1014 462 1031 484 a
1056 451 1126 483 inre
1152 450 1199 482 in-

441 507 542 540 ssictas
558 518 594 540 eo
611 507 679 550 ipso
700 506 854 539 incurrat.

486 561 500 603 ξ
520 560 550 593 3.
579 560 762 592 Inhibentes
786 560 893 602 (prout
920 564 1031 591 tenore
1052 567 1200 600 praesen—

444 614 523 646 tium
554 613 758 646 inhibemus)
795 611 946 644 omnibus
983 616 1012 643 et
1043 610 1176 653 singulis
1189 636 1196 649 ,

443 667 537 699 etiam
554 666 592 699 de
612 667 712 699 latere
732 670 842 698 nostro
861 665 985 708 legatis,
1007 675 1058 704 ne,
1074 664 1133 697 snb
1154 663 1200 696 in-

442 720 633 762 dignationis
643 725 783 755 nostrae:
797 724 825 752 et
837 718 1098 762 quibuscumque
1113 717 1198 750 vice-

441 773 563 815 legatis,
590 772 874 815 gubernatoribus.
896 771 1087 807 rectoribus,
1110 781 1200 814 prae-

442 826 618 859 sidentibus
637 837 673 859 ac
689 825 759 859 aliis
776 824 893 858 nostris
908 830 937 858 et
955 824 1045 858 Sedis
1064 825 1199 868 Aposto-

440 879 519 912 licae
551 890 606 912 seu
631 879 794 912 civitatum
824 883 855 912 et
882 884 1042 911 terrarum
1071 876 1199 921 praedi-

441 938 565 965 ctarum
597 932 787 966 officialibus
811 942 864 972 ne,
895 931 955 964 sub
980 930 1201 974 suspensionis

441 997 458 1019 a
478 986 591 1019 divinis
610 997 647 1020 ac
663 984 1006 1020 excommunicationis
1024 985 1107 1017 latae
1127 994 1200 1017 sen-

440 1040 578 1080 tentiae,
613 1040 748 1084 aliisque
782 1039 906 1073 arbitrii
935 1038 1036 1071 nostri
1064 1037 1197 1081 poenis,

441 1093 593 1136 cuiquam
614 1094 675 1126 tale
691 1104 792 1136 genus
812 1102 991 1131 armorum,
1010 1091 1069 1123 sub
1089 1090 1201 1133 quovis

441 1146 561 1186 colore,
575 1147 749 1187 deferendi,
759 1146 807 1179 vel
817 1146 906 1185 altas,
920 1150 954 1178 ut
970 1143 1198 1189 praemittitur,

441 1199 601 1233 retinendi
621 1199 784 1233 licentiam
797 1204 827 1233 et
846 1199 1029 1232 facultatem
1046 1197 1084 1230 ad
1096 1197 1200 1240 quod-

442 1263 595 1297 cumque„
610 1252 706 1286 etiam
725 1252 961 1289 brevissimum,
973 1257 1102 1295 tempus
1122 1261 1200 1283 con-

442 1305 556 1340 cedere
577 1306 714 1339 audeant
734 1307 783 1339 rel
804 1310 1003 1350 presumant.

485 1359 500 1402 ἕ
520 1359 551 1392 4.
575 1359 790 1392 Decernentes
815 1358 1029 1392 nihilominus
1057 1357 1202 1391 licentias

443 1418 470 1445 et
492 1412 659 1445 facultates
686 1412 730 1446 sic
763 1411 986 1446 concedendas
1012 1410 1118 1444 nullas
1144 1421 1201 1455 pe-

443 1465 529 1499 nitus
540 1472 568 1499 et
587 1466 739 1499 invalidas
754 1466 900 1505 existere,
915 1476 964 1504 ac,
983 1464 1048 1497 illis
1063 1475 1127 1497 non
1143 1465 1200 1497 ob-

444 1519 611 1559 stantibus,
632 1530 696 1560 eos,
717 1520 772 1562 qni
793 1519 852 1553 sub
873 1519 1002 1552 illarum
1024 1518 1136 1562 clypeo
1153 1518 1200 1550 di-

444 1577 531 1605 ctum
561 1583 662 1615 genus
691 1583 858 1606 armorum
879 1571 1052 1605 detulerint
1074 1576 1140 1611 aut,
1167 1577 1203 1604 ut

443 1626 660 1669 praemittitur,
672 1626 877 1665 retinuerint,
891 1634 1012 1669 poenas
1023 1623 1203 1667 praedictas

443 1679 577 1712 omnino
605 1679 794 1712 incursuros
808 1706 815 1717 ‚
838 1679 975 1721 illosque
996 1677 1201 1710 irremissibi-

443 1732 516 1765 liter
544 1733 726 1776 puniendos
747 1732 834 1772 fore,
857 1737 887 1765 et
907 1737 1020 1765 contra
1041 1741 1153 1764 omnes
1173 1737 1200 1764 et

443 1785 586 1828 singulos
606 1786 683 1819 huic
704 1791 832 1819 nostrae
845 1783 1203 1819 constitutionicontra-

442 1839 615 1879 venientes,
629 1840 668 1872 ad
680 1839 748 1872 fisci
760 1839 860 1873 nostri
872 1838 1055 1872 instantiam
1065 1843 1093 1871 et
1107 1838 1202 1871 etiam

444 1903 481 1925 ex
491 1893 611 1933 officio,
626 1892 759 1937 procedi
780 1899 808 1925 et
835 1892 955 1936 inquiri
976 1902 1082 1935 posse,
1105 1902 1142 1924 ac-
1163 1892 1203 1924 ad

444 1956 624 1989 poenarum
645 1946 884 1990 praedictarum
905 1944 1128 1979 executionem
1149 1944 1203 1978 de-

444 1999 544 2032 veniri
562 1999 694 2033 omnino
719 1999 850 2033 debere.

488 2053 553 2095 ἐξ).
587 2053 625 2086 [t
653 2057 760 2086 antem
785 2052 960 2096 praemissa
989 2051 1028 2084 ad
1056 2051 1202 2085 omnium

445 2105 590 2139 notitiam
621 2106 843 2146 deducantur,
878 2116 939 2139 nec
968 2104 1086 2148 aliquis
1114 2116 1203 2148 prae-

445 2165 531 2193 textu
543 2159 741 2202 ignorantiae
753 2158 898 2192 excusari
917 2158 1028 2202 possit,
1055 2158 1204 2191 volumus

445 2213 532 2257 quod
552 2219 736 2257 praesentes
746 2213 857 2246 literae
874 2223 931 2256 per
947 2212 1074 2255 aliquos
1088 2211 1202 2245 Curiae

445 2272 572 2299 nostrae
607 2277 757 2300 cursores
793 2266 832 2298 ad
869 2265 1021 2298 basilicae
1047 2264 1204 2308 Principis

444 2320 672 2362 Apostolorum
692 2320 730 2353 de
751 2319 835 2352 Urbe
853 2324 883 2352 et
907 2318 1060 2352 ecclesiae
1080 2318 1204 2351 Latera-

445 2373 551 2406 nensis
563 2383 689 2406 necnon
705 2372 911 2406 Cancellariae
922 2372 1123 2415 Apostolicae
1138 2372 1203 2404 val-

445 2436 509 2466 vas,
536 2437 572 2458 ac
600 2426 632 2458 in
659 2426 727 2459 acie
757 2425 868 2468 Campi
894 2425 1006 2458 Florae
1032 2425 1204 2467 affigantur

447 2481 475 2507 et
496 2476 714 2518 publicentur.

492 2524 507 2566 ξ
523 2524 552 2556 6.
576 2524 732 2567 Quodque
743 2534 856 2556 earum
868 2521 1090 2566 transumptis,
1105 2532 1204 2554 mann

447 2572 564 2605 notarii
582 2572 704 2615 publici
725 2572 916 2615 subscriptis
935 2577 964 2604 et
986 2571 1088 2613 sigillo
1105 2570 1205 2603 alicu-

449 2621 500 2653 ius
512 2631 668 2663 personae
684 2620 716 2653 in
733 2621 884 2663 dignitate
902 2620 1119 2653 ecclesiastica
1131 2629 1203 2652 con-

450 2669 577 2702 stitutae
602 2668 747 2709 munitis,
770 2674 857 2703 certa
877 2674 907 2702 et
927 2668 1106 2702 indubitata
1125 2667 1205 2702 fides

1044 287 1225 315 Bt'LLAmmt
1248 287 1399 313 Romami

1240 342 1442 382 adhibeatur,
1461 345 1559 385 prout
1578 339 1654 385 ipsis
1667 338 1768 374 literis
1788 337 1997 382 originalibus

1240 395 1460 434 adhiberetur,
1471 394 1497 427 si
1508 393 1614 427 forent
1627 393 1773 427 exhibitae
1783 393 1832 426 rel
1847 398 1994 427 ostensae.

1240 449 1275 482 Et
1295 453 1496 492 transumpta
1516 447 1720 488 huiusmodi,
1741 447 1848 491 legati,
1871 447 1998 481 vice-le-

1241 502 1317 545 gati,
1347 508 1490 535 rectores
1512 501 1562 534 vel
1586 501 1748 546 praesides
1769 507 1823 534 aut
1839 501 1998 544 guberna-

1241 562 1327 589 tores
1356 566 1413 589 seu
1441 555 1495 588 alii
1527 555 1711 598 superiores
1742 555 1994 599 provinciarum,

1242 616 1423 649 terrarum,
1448 608 1644 652 oppidorum
1673 615 1703 642 et
1729 609 1880 642 locorum
1906 618 1998 652 prae-

1242 664 1401 697 dictorum
1415 673 1472 706 per
1491 663 1659 707 publicum
1679 673 1873 707 praeconem
1893 662 2000 707 publi-

1243 718 1308 751 cari
1341 723 1370 750 et
1399 716 1494 750 valiis
1530 716 1722 750 cathedralis
1771 727 1827 750 seu
1856 715 1999 749 matricis

1243 771 1397 805 ecclesiae
1421 770 1485 804 loci
1505 775 1559 803 aut
1579 770 1686 814 palatii
1712 780 1825 804 eornm
1857 769 1999 803 residen-

1243 825 1303 858 tiae
1335 824 1420 868 affigi
1450 823 1580 863 faciant;
1621 823 1940 867 publicationemque
1968 827 2001 857 et

1242 877 1425 911 affixionem
1445 876 1638 921 praedictas,
1662 876 1759 920 lapsis
1778 876 1871 910 dictis
1890 875 2000 920 viginti

1243 931 1368 971 diebus,
1389 930 1523 976 perinde
1535 940 1647 963 omnes
1672 935 1796 964 arctare
1820 941 1858 964 ac-
1877 930 1902 963 si
1928 940 2000 975 per-

1242 985 1395 1018 sonaliter
1419 983 1583 1017 intimatae
1603 983 1718 1017 forent.

1287 1038 1354 1081 §T
1389 1038 1459 1071 Non
1484 1036 1684 1070 obstantibus
1717 1037 2002 1071 constitutionibus

1242 1096 1272 1124 et
1307 1090 1564 1125 ordinationibus
1600 1090 1794 1134 apostolicis,
1829 1090 2002 1135 privilegiis

1242 1155 1373 1188 quoqne
1390 1150 1418 1178 et
1434 1143 1568 1177 indultis
1583 1144 1845 1187 quibuscumque
1856 1144 2003 1189 personis

1243 1197 1351 1231 forsan
1363 1198 1535 1238 concessis,
1563 1196 1762 1230 confirmatis
1782 1202 1812 1230 et
1830 1197 1999 1240 innovatis,

1243 1253 1371 1289 assertis
1404 1251 1714 1291 consuetudinibus,
1743 1262 1824 1294 quas
1851 1251 1890 1296 (si
1919 1262 2003 1296 quae

1243 1304 1360 1349 forent)
1379 1316 1438 1350 per
1462 1309 1646 1349 praesentes
1666 1304 1907 1348 improbamus,
1929 1305 2002 1339 nul-

1243 1358 1355 1403 lasque
1378 1364 1407 1392 et
1432 1358 1584 1391 invalidas
1617 1369 1685 1391 esse
1719 1358 1932 1392 declaramus.
1965 1358 2003 1392 Et

1244 1423 1326 1455 qnae
1361 1412 1469 1446 omnia
1494 1412 1638 1455 (illorum
1666 1417 1795 1445 tenores
1825 1422 1885 1456 pro
1916 1411 2003 1445 suffi-

1244 1465 1366 1499 cienter
1386 1465 1544 1509 expressis
1571 1465 1740 1507 habentes)
1760 1475 1949 1499 revocamus
1972 1469 2004 1498 et

1244 1519 1460 1559 annullamus,
1487 1519 1641 1562 nullaque
1657 1524 1687 1551 et
1702 1518 1792 1552 irrita
1803 1529 1870 1552 esse
1895 1519 2004 1553 decer-

1244 1571 1362 1613 nimus,
1383 1573 1562 1616 ceterisque
1580 1571 1750 1606 contrariis
1770 1572 2000 1617 quibuscumq.

1288 1626 1374 1659 Nulli
1395 1636 1472 1669 ergo
1489 1630 1546 1659 etc.

1288 1680 1401 1713 Datum
1431 1680 1552 1713 Romae
1572 1679 1658 1723 apud
1684 1680 1837 1714 Sanctum
1856 1679 2001 1721 Petrum,

1245 1743 1329 1766 anno
1353 1733 1586 1766 Incarnationis
1614 1733 1796 1766 dominicae
1832 1733 2004 1767 millesimo

1244 1786 1504 1830 quingentesimo
1517 1786 1713 1829 sexagesimo
1726 1786 1882 1827 secundo,
1900 1787 2005 1831 pridie

1244 1850 1346 1873 nonas
1367 1840 1484 1880 martii,
1499 1840 1706 1883 pontificatus
1725 1840 1826 1873 nostri
1847 1851 1932 1874 anno
1952 1850 1998 1874 111.

1286 1897 1348 1927 Dat.
1370 1898 1447 1928 diet}
1463 1899 1560 1928 martii
1581 1899 1668 1934 1562,
1691 1898 1794 1937 pontif.
1818 1908 1894 1928 anno
1917 1907 1960 1929 111.

1582 2067 1657 2100 LIX.

1245 2142 1433 2176 Iurisde'ctio
1458 2147 1487 2175 et
1506 2142 1678 2184 facultates
1698 2143 1878 2177 cardinalis
1898 2148 2004 2187 prote-

1291 2197 1387 2229 ctoris
1413 2200 1442 2229 et
1471 2196 1588 2229 iudicis
1617 2206 1788 2229 causarum
1811 2197 2004 2230 monasterii

1289 2250 1540 2298 etfflzonialium
1565 2249 1818 2292 (impudicarum
1842 2250 1911 2282 iam
1933 2261 2004 2284 mu-

1289 2303 1419 2347 lierum)
1441 2303 1703 2336 Comei-citarum
1726 2303 1764 2336 de
1785 2303 1866 2336 Urbe
1879 2313 2003 2337 witnow-

1288 2361 1444 2399 patarum
1468 2356 1494 2388 l.
1830 2367 1836 2373 ·

1357 2428 1419 2457 rius
1442 2428 1513 2464 Papa
1535 2428 1578 2461 tv.
1603 2429 1680 2456 motu
1697 2427 1821 2463 proprio,
1841 2428 1897 2456 ete.

1291 2489 1381 2531 Cum,
1403 2490 1485 2524 sicut
1506 2490 1701 2534 accepimus,
1721 2500 1788 2523 non
1812 2490 1880 2523 sine
1900 2490 2001 2524 animi
2041 2511 2108 2533 cu„
2121 2511 2199 2532 mm,

1247 2543 1348 2575 nostri
1369 2544 1580 2588 displicentia,
1605 2542 1837 2577 monasterium
1861 2543 2110 2577 Conver-¹'¹“⁰¹⁸¹'·

1284 2597 1294 2622 1
1319 2596 1513 2624 institutionem
1534 2597 1613 2624 huius
1629 2597 1780 2623 monasterii
1795 2600 1821 2623 et.
1831 2598 1888 2624 eius
1898 2597 2001 2624 indulta

1247 2635 1308 2661 vide
1324 2636 1465 2702 i⁷nhg⁴eonis
1476 2637 1502 2663 X
1514 2637 1618 2664 constit.
1637 2643 1717 2664 mn.
1734 2638 1870 2666 Sati-ator.
1889 2641 1952 2664 tom.
1970 2645 1999 2669 v,

1247 2682 1305 2710 pag.
1384 2698 1387 2701 .

2015 280 2062 308 An.
2077 281 2108 309 C.
2125 279 2196 308 ¹562
2208 257 2237 323 l}

2212 315 2234 368 ’ΜΓ

2224 500 2227 506 -
2215 440 2237 487 ‘9⁴³'
2211 370 2233 429 'QG'

2028 1045 2142 1071 nerogano
2151 1050 2199 1065 eou-

2015 1077 2126 1097 tran-iorum
