2237 3100
198 268 247 294 An.
266 268 292 295 C,
316 267 380 294 {2500

202 1011 311 1031 (ll-msulae
326 1016 384 1037 przie-

202 1043 329 1062 seriumne.

231 1390 326 1410 Clausala
340 1391 389 1410 sut·-

205 1421 254 1442 laia,

215 1603 326 1628 oerogano
341 1608 388 1624 cou-

206 1635 324 1654 uariorum.

221 2463 271 2484 Sola
285 2465 391 2490 signatura

209 2502 293 2523 sufficit.

441 257 504 290 ⁶298

397 318 537 350 datarios
571 324 599 350 et.
634 319 830 351 aflictnarios
850 329 909 361 pro
930 324 1073 361 tempore
1101 317 1148 348 in-

398 371 605 403 tervenientia
617 377 720 414 paeta,
731 370 958 403 conventiones
969 376 999 402 et.
1010 369 1150 412 capitula

398 424 429 456 in
464 424 546 456 dicta
574 424 707 456 Camera
731 425 889 468 recipiant,
910 429 937 456 et
960 424 1147 464 admittant,

399 478 518 520 illaque
537 478 568 510 in
590 478 733 510 eiusdem
755 478 906 510 Gamerae
928 477 1018 509 libris
1034 483 1062 510 et
1080 489 1151 521 pro-

400 530 524 562 toeollis
560 530 735 572 registrari,
758 530 895 562 describi
931 535 958 561 et
989 531 1148 571 annotari,

397 593 434 614 ae
470 582 609 625 desuper
642 583 823 614 necessaria
852 587 1037 615 contractus
1057 588 1087 615 et.
1106 583 1153 615 in-

399 640 588 675 strumenta,
607 646 681 667 cum
698 635 859 668 debitisae
872 635 972 668 solitis
984 637 1149 677 clausulis,

400 687 533 719 cautelis
544 692 571 719 et
594 687 857 729 obligationibus,
880 688 962 729 fieri,
987 690 1102 722 contici
1124 696 1154 723 et

399 740 546 783 stipulari
584 741 718 781 saciant,
747 742 922 785 laesasque
956 748 1100 786 patentes
1125 750 1153 777 rt

398 793 546 825 mandata
563 800 746 837 opportuna
766 795 994 828 arrendatariis
1013 807 1049 829 ae
1069 796 1151 835 aliis,

399 846 517 889 quibus
537 858 619 890 opus
640 848 747 887 suerit,
771 848 858 888 dent,
882 850 1008 882 tradant
1028 855 1058 882 et
1069 850 1155 883 exhi-

399 900 492 932 beant
515 900 645 933 realiter
665 907 695 933 et
715 912 790 934 cum
812 902 939 935 effectu.

445 953 501 996 ἐξ).
523 954 654 987 Necnon
671 955 882 988 decernentes
897 957 1154 996 arrendamenta,

400 1006 577 1038 locationes
602 1013 628 1039 et
661 1008 886 1041 eoncessiones
918 1020 955 1041 ae
981 1010 1157 1053 scripturas

401 1065 428 1091 et
448 1058 879 1105 instrunientadesuperpro
898 1068 1043 1106 tempore
1061 1064 1154 1103 saeta,

401 1111 503 1144 valida
525 1118 555 1145 et
575 1113 717 1146 etlieacia
741 1114 822 1154 sore,
846 1126 920 1155 nec,
944 1116 984 1148 ob
1006 1115 1156 1148 intentio-

402 1164 452 1196 nis
464 1176 519 1197 seu
532 1166 840 1200 voluntatisnostrae
857 1173 911 1200 aut
927 1167 1025 1200 alium
1046 1179 1158 1211 queni-

403 1217 489 1260 piam
506 1218 680 1258 defectum,
697 1220 916 1264 subreptionis
931 1227 986 1253 aut.
1003 1221 1159 1254 nullitatis

405 1271 478 1303 vitio
500 1272 667 1305 subiacere
688 1284 794 1316 posse.

448 1326 514 1368 §tt
551 1325 667 1368 Sicque
695 1337 752 1369 per
785 1338 1011 1370 quoscumque
1037 1328 1160 1362 iudices

405 1383 431 1410 et
459 1379 716 1419 commissarios,
739 1381 849 1423 quavis
874 1382 1063 1415 anctoritate
1090 1384 1160 1415 sun-

404 1437 524 1473 gentes,
559 1432 683 1465 sublata
717 1437 789 1473 etc„
813 1433 948 1466 iudicari
978 1440 1007 1467 et
1032 1435 1160 1468 deliniri

405 1485 535 1524 debere3
558 1497 594 1517 ac
616 1486 742 1518 irritum
764 1491 820 1519 etc.
844 1488 1004 1521 attentari.

449 1540 463 1580 ς’
485 1538 514 1570 7.
538 1539 605 1571 Non
627 1541 827 1573 obstantibus
848 1542 976 1580 nostris,
995 1554 1052 1585 per
1067 1554 1159 1586 quas,

406 1591 489 1624 inter
508 1593 587 1632 alia,
610 1594 770 1626 voluimus
790 1605 857 1635 res,
881 1602 1070 1638 proventus,
1092 1598 1162 1630 iura

406 1651 436 1677 et
463 1645 671 1678 obventiones
696 1647 797 1679 dietae
823 1647 993 1689 Gamerae,
1017 1661 1080 1682 non
1102 1651 1161 1683 nisi

407 1699 938 1744 licitationeJ‘praeviajsscuiquam
973 1702 1086 1744 locari,
1109 1716 1161 1736 ar-

407 1752 535 1783 rendari
557 1753 602 1784 vel
624 1754 756 1785 concedi
783 1765 846 1786 non
869 1766 960 1797 posse
982 1767 1086 1799 neque
1108 1759 1162 1791 de-

406 1804 504 1843 bere,
527 1816 564 1837 ac
593 1806 664 1838 aliis
685 1808 969 1841 constitutionilnis
988 1817 1014 1843 et
1038 1812 1164 1844 ordina—

409 1858 550 1891 tionibus
575 1861 983 1905 apostolicisJprivilegiis
1013 1876 1161 1908 quoque,

408 1911 541 1944 indultis
552 1918 580 1945 et
594 1913 695 1947 literis
709 1915 894 1957 apostolicis
909 1917 1076 1959 quibusvis
1089 1924 1162 1960 elta,

409 1965 504 1998 etiam
533 1972 621 1999 motu
658 1969 803 2011 proprio,
825 1980 861 2001 ae
882 1971 960 2003 alias
984 1972 1015 2004 in
1038 1980 1164 2007 eontra-

408 2019 494 2052 rium
516 2021 759 2063 quomodolibet
783 2025 955 2065 concessis,
978 2028 1165 2069 approbatis

409 2078 440 2105 et
472 2074 650 2115 innovatis,
682 2075 801 2118 quibus
833 2078 1005 2119 omnibus,
1034 2080 1163 2113 illorum

408 2128 550 2161 veriores
580 2135 708 2162 tenores
728 2130 962 2174 ,praesentibus
992 2146 1050 2178 pro
1076 2136 1164 2168 sussi—

410 2182 533 2215 cienter
562 2185 718 2226 expressis
747 2185 919 2225 habentes,
942 2188 1005 2220 illis
1035 2189 1113 2221 alias
1133 2190 1164 2222 in

410 2246 467 2268 suo
489 2237 605 2271 robore
631 2241 864 2282 permansuris,
888 2241 947 2274 hac
974 2242 1041 2274 vice
1071 2243 1164 2275 dum-

411 2297 512 2332 taxat,
534 2295 717 2336 specialiter
737 2301 767 2328 et
782 2306 929 2339 expresse
951 2297 1162 2340 derogamus,
1183 2312 1185 2322 ·=

410 2348 589 2390 ceterisque
611 2350 783 2382 contrariis
798 2350 1072 2394 quibuscumque.

453 2400 519 2443 58.
551 2402 708 2434 Volumus
734 2409 841 2436 autern
871 2404 957 2446 quod
989 2407 1185 2448 praesentis<

410 2450 509 2482 nostri
532 2455 639 2483 motus
659 2453 782 2496 proprii
804 2454 871 2486 sola
891 2455 1055 2497 signatura
1076 2457 1164 2489 suff-

411 2497 470 2530 ciat
492 2504 522 2531 et
550 2500 788 2545 ubiquetidem
808 2502 915 2542 saciat,
939 2504 971 2535 in
993 2505 1114 2538 iudicio
1136 2490 1185 2538 eth

410 2554 519 2589 extra,
542 2561 749 2594 quacumque
774 2553 887 2594 regula
921 2564 976 2586 seu
1012 2555 1185 2595 constitu<

410 2597 497 2630 tione
518 2600 694 2642 apostolica
715 2602 877 2634 contraria
896 2613 961 2635 non
982 2603 1138 2636 obstante.
1183 2598 1185 2618 ‘¹

560 2654 683 2695 Placet,
708 2659 797 2687 motu
814 2652 959 2696 proprio.
983 2653 1006 2686 I.

1808 210 1818 222 ἱ

993 266 1171 289 Rt‘LLAntUM
1198 265 1345 289 ROMANUM

1960 266 2008 291 An.
2027 264 2056 290 C.
2077 265 2144 291 ¹2³ssst

1236 317 1289 349 Die
1316 317 1467 359 vigesima
1484 322 1592 349 octava
1622 319 1696 350 maii
1712 345 1719 357 ‚
1742 329 1825 350 anno
1844 318 1946 350 mille-
1960 330 2096 350 Admisstoin
2106 329 2144 350 en-

1193 371 1273 403 simo
1310 371 1569 414 quingentesimo
1591 373 1786 414 sexagesimo
1808 377 1944 415 quarto,

1192 424 1330 456 admissa
1363 423 1443 456 llaec
1476 429 1522 456 est
1556 424 1669 457 cedula
1696 430 1802 457 motus
1823 425 1947 469 proprii

1193 487 1229 509 ex
1257 477 1385 509 decreto
1414 476 1567 511 Gamerae
1601 483 1629 509 et
1665 478 1830 520 registrata
1865 478 1948 510 libro

1193 530 1336 563 secundo
1380 531 1620 572 signaturarum
1658 531 1847 563 sanctissimi
1890 532 1948 564 do-

1195 584 1272 615 mini
1295 584 1395 616 nostri
1426 584 1528 627 Papae
1557 584 1642 627 apud
1678 595 1728 617 me
1762 585 1946 625 notarium,

1195 637 1249 669 t'ol.
1275 647 1400 669 Lxxxm.

1450 680 1664 725 Hieronymus
1684 682 1722 715 de
1744 683 1879 715 Tarano.

1230 739 1354 768 ¹ltlmiss.
1373 739 1419 768 (lie
1435 739 1472 768 28
1491 740 1558 768 maii
1576 740 1660 774 1564,
1682 740 1782 778 pontis.
1799 750 1874 769 anno
1892 750 1918 770 v.

1515 888 1627 922 XCVII.

1199 964 1285 1002 Quod
1293 965 1397 995 Μαίων
1405 975 1482 1006 pars
1494 964 1714 996 cardinalium
1728 965 1953 997 allectissimae

1242 1017 1473 1060 Inquisitfow's
1501 1017 1654 1055 decernit,
1681 1028 1701 1048 (ι
1730 1021 1795 1049 tota
1822 1028 1952 1060 congre-

1242 1071 1373 1113 yala'one
1392 1071 1497 1103 ¹aalide
1515 1075 1675 1103 statutum
1694 1075 1839 1103 censetur
1858 1070 1884 1102 1.

1297 1150 1358 1178 Pius
1382 1151 1533 1186 episcopus.
1558 1152 1636 1178 motu
1661 1150 1781 1186 proprio,
1802 1152 1857 1179 otc.

1244 1220 1323 1253 Cum
1344 1232 1403 1253 nos
1427 1232 1486 1264 per
1513 1226 1659 1253 nostrum
1689 1221 1861 1265 specialem
1882 1232 1953 1254 mo—

1202 1280 1268 1307 tmn
1282 1275 1464 1318 proprium,
1477 1275 1536 1307 sub
1553 1275 1625 1307 data
1642 1275 1761 1307 Romae
1778 1274 1864 1318 apud
1875 1275 1954 1308 San-

1202 1333 1288 1359 ctum
1302 1327 1453 1366 Marcum,
1470 1333 1585 1370 quarto
1602 1338 1703 1359 nonas
1718 1327 1858 1369 augusti,
1876 1338 1953 1370 pon-

1203 1380 1341 1412 titieatus
1356 1381 1456 1412 nostri
1473 1391 1556 1413 aimo
1573 1381 1699 1423 quinto,
1717 1380 1825 1413 ol't'icio
1842 1392 1955 1424 supre-

1203 1444 1256 1465 mo
1279 1433 1309 1465 in
1330 1434 1413 1465 alma
1435 1433 1518 1464 [ere
1539 1438 1568 1465 et
1584 1433 1680 1465 Curia
1701 1438 1810 1466 nostra
1839 1444 1876 1466 ae
1891 1439 1957 1467 tota

1203 1487 1370 1529 republica
1392 1487 1566 1519 christiana
1587 1492 1715 1519 sanetae
1736 1486 1957 1530 Inquisitionis

1204 1540 1385 1572 haereticae
1415 1540 1591 1583 pravitatis,
1622 1540 1756 1583 eiusque
1785 1551 1957 1573 causarum

1204 1593 1397 1631 audientiae,
1420 1593 1609 1636 cognitioni,
1632 1593 1827 1637 expeditioni
1848 1600 1878 1626 et
1893 1599 1957 1627 ter—

1205 1646 1373 1679 minationi
1388 1647 1640 1689 praefecerimus
1650 1652 1680 1679 et
1696 1647 1959 1689 deputaverimus

1205 1699 1339 1731 dilectos
1354 1700 1438 1731 lilios
1456 1705 1581 1732 nostros
1597 1700 1747 1732 loannem
1771 1700 1958 1733 Michaelem

1205 1752 1340 1784 Sanctae
1366 1752 1550 1798 Anas-lasiae
1580 1752 1795 1792 Saraeenum,
1818 1758 1848 1785 et
1867 1753 1959 1786 Ioan-

1206 1816 1279 1838 nem
1300 1806 1472 1849 baptistam
1488 1805 1594 1837 Sancti
1611 1805 1785 1838 Clementis
1798 1805 1958 1847 Cic-adam,

1206 1870 1241 1890 ae
1259 1860 1409 1891 loannem
1423 1858 1575 1891 Suax'ium
1588 1859 1722 1892 Sanctae
1738 1859 1864 1892 Priscae
1875 1860 1959 1893 Reu-

1207 1924 1357 1953 manmn,
1388 1923 1515 1945 necnon
1535 1912 1722 1945 Michaelem
1748 1913 1881 1946 Sanctae
1902 1914 1958 1947 Sa-

1207 1967 1300 1999 binae
1321 1967 1528 2006 Ghislerhun,
1553 1973 1580 1999 et
1602 1967 1799 2001 Clementem
1825 1968 1959 2002 Sanctae

1208 2022 1323 2055 Mariae
1344 2023 1375 2054 in
1396 2022 1542 2055 Araeoeli
1564 2022 1762 2063 Monialium,
1777 2028 1807 2055 et
1823 2022 1958 2056 Ludovi-

1208 2088 1281 2109 emn
1295 2077 1401 2110 Sancti
1412 2077 1533 2121 Cyriaei
1545 2078 1577 2109 in
1590 2078 1737 2111 Thermis
1749 2078 1958 2118 Simonetam‚

1208 2137 1239 2164 et
1266 2132 1415 2165 Carolum
1447 2132 1554 2165 Sancti
1584 2132 1709 2165 Martini
1739 2133 1772 2165 in
1802 2132 1960 2165 Montibus

1207 2186 1453 2226 Borromaeum,
1481 2186 1695 2229 presbyteros,
1714 2197 1751 2218 ac
1762 2186 1958 2219 Vitellotium

1208 2240 1342 2273 Sanctae
1360 2240 1475 2273 Mariae
1498 2240 1529 2272 in
1549 2240 1678 2273 Porticu
1697 2240 1872 2279 Vitellium,
1891 2240 1959 2273 dia-

1208 2305 1339 2334 conum,
1359 2300 1433 2327 tune
1451 2295 1629 2334 titulorum,
1642 2294 1846 2327 miseratione
1856 2293 1959 2326 divina

1183 2349 1239 2382 ,8,
1268 2350 1303 2382 R.
1334 2351 1370 2383 E.
1399 2350 1596 2391 cardinales,
1633 2360 1706 2383 eum
1736 2348 1957 2394 facultatibus,

1207 2403 1486 2437 iurisdictionibus
1513 2410 1541 2436 et
1570 2402 1832 2442 auctoritatibus,
1865 2406 1960 2445 prout

1183 2470 1185 2488 ι
1208 2451 1239 2484 in
1261 2454 1374 2485 eodem
1393 2459 1481 2485 motu
1498 2454 1630 2497 proprio
1651 2452 1745 2484 latius
1761 2450 1955 2484 continetur.

1252 2502 1266 2545 ,ξ
1287 2502 1318 2535 l.
1341 2502 1419 2535 Cum
1438 2508 1547 2546 postea
1563 2502 1656 2535 etiam
1673 2502 1705 2534 in
1721 2501 1833 2534 eodem
1850 2506 1959 2533 saneto

1208 2551 1315 2584 officio
1345 2563 1497 2596 supremo
1528 2551 1746 2596 Inquisitionis
1779 2551 1960 2584 haereticae

1183 2633 1185 2650 Ι
1249 2619 1258 2644 1
1281 2620 1476 2647 institutionem
1498 2620 1577 2646 huius
1593 2618 1805 2654 congregationis
1831 2618 1912 2644 habes
1932 2619 1958 2644 in

1180 2656 1188 2715 ὲ
1208 2663 1279 2692 Pauli
1297 2664 1331 2691 111
1349 2663 1485 2691 constitut..
1509 2669 1584 2694 xciii,
1604 2662 1682 2692 Licet,
1696 2664 1758 2687 tom.
1774 2666 1811 2692 vt,
1825 2666 1881 2694 pag.
1895 2659 1955 2686 Sltlt.

1962 366 2027 381 mera.

1982 1247 2093 1273 Depubitlo
2103 1251 2152 1267 car-

1969 1277 2067 1297 dinalium
2101 1282 2154 1297 con-

1969 1308 2098 1334 gregatiOms
2132 1307 2154 1328 S.

1969 1337 2122 1365 inquisitionis.

1990 2513 2034 2534 Atta
2042 2514 2158 2542 deputatio.
