2237 3100
233 220 284 249 An.
302 219 333 250 C.
348 218 416 249 1868

268 1658 386 1680 ΙῑΙιιυευΙυο,

476 207 541 242 708

431 269 495 304 loci
519 269 567 304 vel
593 268 770 314 superioris
793 267 920 302 Ordinis
948 267 1092 301 eiusdem
1120 277 1186 300 mo-

432 323 564 358 nasterii
580 323 715 368 praefati
729 321 892 356 existentis
905 320 1093 354 licentiavel
1110 331 1186 354 con-

432 387 530 411 sensu
555 376 688 409 minime
714 374 894 418 requisitis,
925 379 1084 418 perpetuo
1112 374 1186 407 uni-

434 441 517 471 mus,
539 428 743 462 annectimus
770 431 801 460 et
820 426 1077 470 incorporamus.
1106 426 1186 460 Cum

433 494 471 517 eo
487 488 595 515 tamen
610 487 645 514 ut
664 480 732 524 ipse
753 479 842 523 prior
856 479 896 512 de
915 479 1086 521 fructibus,
1117 480 1188 514 red-

432 536 552 569 ditibus
576 539 608 568 et
627 533 834 577 proventibus
860 532 1034 577 praedietis
1057 533 1187 578 pensio-

433 598 507 622 nem
527 597 669 621 annuam
688 591 871 620 trecentum
887 591 1054 619 scutorum
1067 587 1138 619 auri
1156 587 1188 619 in

432 650 513 673 auro
533 640 654 673 eisdem
675 649 728 673 sex
756 638 991 682 penitentiariis
1011 644 1042 672 et
1061 639 1189 673 duobus

433 692 607 732 conversis,
629 692 722 725 annis
742 692 888 735 singulis,
903 692 1031 726 duobus
1044 693 1189 726 terminis

433 745 624 789 aequaliter,
653 745 686 778 in
715 750 910 789 perpetuum
936 746 1117 788 persolvere
1142 751 1189 779 te-

433 803 550 832 neatur
568 803 600 832 et
632 798 672 831 ad
701 798 733 831 id
758 798 918 841 obligatus
946 798 997 839 sit,
1027 809 1130 843 eaque
1155 810 1190 833 re

435 852 574 895 provisio
595 856 761 884 menstrua
778 851 1005 894 vigintinovem
1023 858 1189 887 scutorum

434 915 533 948 super
544 904 690 948 pecuniis
705 904 979 949 compositionum
992 905 1190 945 huiusmodi,

434 968 518 1002 quae
537 968 698 991 summam
718 963 937 991 trecentorum
959 964 1126 992 scutorum
1147 959 1190 992 si-

436 1010 563 1043 milium
584 1011 763 1051 eonstituit,
792 1021 891 1055 super
920 1012 1068 1055 pecuniis
1101 1022 1191 1046 com-

436 1063 635 1107 positionum
644 1063 843 1104 huiusmodi,
855 1070 890 1097 ut.
901 1064 1003 1109 prius,
1015 1072 1191 1107 remaneat,

436 1116 540 1150 donec
560 1116 680 1150 eisdem
711 1127 763 1150 sex
783 1117 1040 1161 poenitentiariis
1059 1123 1090 1151 et
1110 1119 1191 1152 duo-

436 1169 498 1202 bus
525 1170 687 1203 conversis
705 1170 767 1203 alia
787 1170 902 1204 idonea
926 1171 1097 1214 assignatio
1133 1183 1192 1216 pro

438 1222 568 1256 residuo
588 1222 670 1256 saeta
690 1223 797 1256 suerit.
821 1224 852 1257 Si
869 1224 947 1267 quid
962 1235 1037 1258 vero
1053 1225 1092 1258 de
1108 1225 1193 1259 dieta

438 1285 565 1309 summa
584 1281 805 1309 trecentorum
825 1278 1002 1320 persoluta,
1025 1277 1192 1312 omnibus-

438 1339 502 1373 que
516 1329 670 1362 oneribus
686 1330 874 1363 monasterii
890 1336 921 1363 et
932 1330 1087 1364 ecclesiae
1102 1343 1194 1375 prae-

438 1381 597 1415 dictorum
618 1382 828 1426 supportatis,
860 1383 899 1416 de
925 1383 1095 1425 fructibus,
1124 1385 1195 1418 red-

438 1434 557 1468 ditibus
567 1441 597 1468 et
609 1436 816 1479 proventibus
825 1436 1019 1480 supradictis
1030 1437 1193 1481 reliquum

440 1488 511 1528 erit,
531 1488 611 1521 illud
631 1498 728 1521 omne
748 1488 780 1521 in
801 1499 992 1523 communes
1012 1490 1116 1524 dictae
1136 1491 1193 1524 do-

440 1552 513 1575 mus
532 1552 610 1575 usus
626 1547 842 1576 convertatur.

484 1595 500 1638 ἓ
518 1594 550 1629 3.
572 1595 788 1630 Decernentes
801 1597 1078 1640 suppressionem,
1095 1598 1196 1631 extin-

442 1649 595 1689 ctionem,
615 1649 784 1689 unionem,
801 1649 1027 1691 annexionem,
1045 1651 1196 1696 incorpo-

442 1702 602 1736 rationem
646 1707 677 1735 et
711 1707 818 1736 cetera
851 1703 1027 1746 praemissa
1068 1714 1196 1737 necnon

442 1760 629 1800 praesentes
647 1755 779 1795 litteras,
800 1760 965 1799 tamquam
985 1756 1091 1790 favore
1111 1758 1196 1791 Reli-

443 1808 548 1851 gionis
567 1814 598 1842 et
618 1819 677 1852 pro
697 1813 870 1851 augmento
891 1809 1068 1852 Religionis
1087 1821 1124 1843 ac
1145 1821 1196 1843 re-

443 1861 565 1903 gularis
585 1862 692 1894 cultus
711 1871 890 1902 concessas,
911 1872 948 1894 ex
959 1863 1069 1905 quavis
1090 1874 1197 1905 causa,

442 1915 533 1947 nullo
553 1925 709 1958 umquam
730 1920 887 1958 tempore,
916 1915 955 1948 de
980 1916 1199 1959 subreptionis

442 1967 491 2000 vel
511 1966 710 2010 obreptionis
725 1977 781 2000 seu
802 1967 958 2000 nullitatis
972 1967 1060 2008 vitio,
1077 1974 1133 2001 aut
1152 1969 1199 2002 in-

444 2020 595 2053 tentionis
614 2025 743 2053 nostrae
763 2021 810 2053 vel
824 2019 887 2053 alio
903 2021 1056 2064 quopiam
1072 2022 1198 2055 defectu

444 2072 561 2113 notari,
592 2073 684 2116 argui
713 2073 760 2106 vel
790 2073 974 2116 impugnari
1000 2085 1112 2117 posse;
1139 2085 1200 2109 nec

445 2127 505 2159 sub
535 2125 622 2167 ullis,
645 2125 739 2159 etiam
760 2126 890 2159 illarum
920 2138 1032 2159 verum
1052 2133 1199 2161 tenorem

445 2179 477 2212 in
502 2188 535 2212 se
564 2178 815 2219 continentibus,
837 2179 1106 2221 revocationibus,
1129 2192 1199 2214 sus-

445 2232 672 2276 pensionibus,
699 2232 994 2265 modificationibus
1021 2238 1052 2266 et
1081 2234 1200 2267 limita-

445 2285 588 2319 tionibus
623 2291 678 2319 aut
698 2285 768 2319 aliis
789 2286 959 2319 contrariis
979 2286 1200 2329 dispositioni-

445 2338 506 2371 bus
522 2339 676 2372 similium
696 2339 745 2372 vel
765 2338 969 2372 dissimilium
997 2340 1200 2383 suppressio-

445 2397 546 2428 num,
570 2387 822 2428 extinctionum,
844 2387 1022 2427 unionum,
1045 2389 1200 2422 annexio-

445 2445 538 2476 num,
569 2436 870 2480 incorporationum
890 2441 1123 2479 perpetuarum
1152 2437 1201 2470 vel

447 2484 675 2526 temporalium
705 2490 736 2518 et
760 2485 898 2518 aliarum
919 2484 1108 2528 gratiarum,
1136 2491 1201 2518 tam

446 2541 506 2574 per
538 2542 597 2564 nos
626 2544 723 2575 quam
751 2544 810 2577 per
843 2543 1048 2566 successores
1075 2540 1202 2567 nostros

447 2580 692 2630 quomodolibet
723 2592 761 2615 ac
790 2592 865 2616 cum
897 2581 1074 2634 quibusvis,
1106 2582 1201 2615 etiam

1030 214 1210 240 BULLARIUM
1230 215 1382 241 ROMANUM

1225 268 1505 310 derogatoriarum
1524 269 1735 313 derogatoriis
1759 268 1895 314 aliisque
1914 268 1981 303 effi-

1226 320 1408 354 cacioribus
1438 326 1469 354 et
1498 321 1634 355 insolitis
1658 322 1824 362 clausulis,
1850 322 1981 356 irritan-

1227 373 1378 416 tibusquc
1409 379 1439 408 et
1469 374 1540 408 aliis
1573 375 1721 416 decretis,
1752 376 1848 409 etiam
1876 381 1981 415 motu,

1228 426 1359 459 scientia
1379 432 1410 460 et
1421 427 1585 471 potestatis
1598 428 1798 472 plenitudine
1813 428 1983 469 similibus,

1228 485 1284 513 aut
1310 479 1406 513 etiam
1433 481 1473 514 ad
1505 481 1712 525 superiorum
1741 481 1983 525 praedictorum

1228 533 1425 574 instantiam,
1448 539 1479 568 et
1503 544 1541 568 ex
1570 534 1681 578 quavis
1705 545 1803 568 eausa
1823 545 1882 579 pro
1901 539 1983 569 tem-

1230 596 1308 630 pore
1328 586 1431 627 factis,
1453 587 1698 632 comprehendi,
1721 588 1777 622 sed
1798 599 1926 633 semper
1944 589 1985 622 ab

1230 639 1293 672 illis
1313 646 1462 684 exceptas
1472 651 1552 681 esse,
1576 645 1607 674 et
1622 641 1748 684 quoties
1770 641 1843 675 illae
1854 652 1984 676 emana-

1229 693 1322 733 bunt,
1344 693 1438 726 toties
1457 692 1489 725 in
1503 693 1676 737 pristinum
1697 699 1729 727 et
1752 694 1984 728 validissimum

1230 750 1347 778 statum
1382 745 1559 787 restitutas,
1595 747 1753 790 repositas
1784 752 1814 780 et
1842 747 1987 791 plenarie

1231 798 1442 842 reintegratas
1462 810 1530 832 esse
1551 805 1582 833 et
1602 799 1748 841 censeri;
1770 810 1831 834 nec
1855 811 1985 834 eausam

1231 863 1287 885 seu
1309 863 1422 885 causas
1442 858 1576 896 propter
1607 864 1687 897 quas
1706 854 1884 897 praemissa
1909 854 1987 887 seci-

1232 916 1315 946 mus,
1348 916 1457 939 eoram
1487 907 1550 940 loci
1580 907 1757 948 ordinario,
1784 907 1880 941 etiam
1904 913 1988 941 tarn-

1231 969 1329 1002 quam
1343 959 1446 993 dictae
1466 960 1556 994 Sedis
1571 959 1728 1003 delegato,
1741 960 1912 1003 verificari;
1929 972 1989 995 nec

1233 1017 1417 1056 propterea,
1439 1018 1495 1046 aut
1510 1012 1604 1046 etiam
1621 1013 1698 1056 quia
1713 1013 1898 1057 superiores
1913 1014 1990 1048 San-

1233 1067 1274 1100 cti
1295 1066 1457 1100 Benedicti
1491 1067 1539 1099 vel
1572 1066 1705 1100 alterius
1730 1066 1870 1108 Ordinis,
1897 1068 1992 1102 euius

1233 1120 1355 1153 dictum
1387 1119 1620 1153 monasterium
1642 1126 1722 1161 erat,
1755 1121 1803 1154 vel
1823 1120 1878 1154 alii
1907 1121 1989 1155 inte-

1233 1184 1320 1207 resse
1336 1178 1486 1217 putantes
1505 1173 1608 1206 vocati
1619 1183 1685 1206 non
1696 1173 1826 1214 suerint,
1843 1184 1901 1217 per
1917 1174 1991 1208 sub-

1234 1226 1416 1271 reptionem
1436 1226 1583 1260 obtentas
1603 1226 1782 1270 praesumi,
1803 1227 1991 1271 viribusque

1234 1285 1407 1323 propterea
1427 1290 1551 1319 carere3
1569 1279 1680 1323 sicque
1692 1289 1751 1323 per
1765 1290 1991 1325 quoscumque

1234 1333 1357 1366 iudices
1377 1332 1571 1373 ordinarios,
1602 1332 1698 1366 ctiam
1730 1333 1864 1376 legatos,
1895 1333 1992 1367 etiam

1235 1396 1407 1419 causarum
1437 1385 1549 1419 Palatii
1569 1386 1745 1429 Apostolici
1779 1386 1943 1420 auditores
1962 1392 1994 1420 et

1235 1440 1267 1473 S.
1290 1440 1327 1473 R.
1350 1439 1385 1473 E.
1414 1439 1605 1480 cardinales,
1634 1439 1667 1472 in
1699 1439 1811 1483 quavis
1845 1450 1943 1474 causa
1963 1445 1994 1474 et

1236 1493 1397 1533 instantia,
1432 1492 1557 1525 sublata
1588 1492 1633 1526 eis
1660 1498 1691 1526 et
1718 1503 1831 1526 eorum
1860 1493 1994 1527 cuilibet

1235 1546 1345 1589 quavis
1377 1545 1470 1579 aliter
1501 1545 1665 1579 iudicandi
1695 1551 1725 1580 et
1758 1545 1993 1590 interpretandi

1236 1595 1387 1628 facultate
1417 1600 1448 1628 et
1471 1595 1675 1636 auctoritate,
1702 1595 1824 1639 ubique
1856 1595 1993 1630 iudicari

1237 1653 1267 1681 et
1278 1648 1405 1681 deliniri
1421 1648 1550 1689 debere;
1568 1648 1835 1682 necnonirritum
1852 1654 1882 1682 et
1897 1649 1993 1683 inane

1237 1701 1392 1744 quicquid
1422 1712 1516 1735 secus
1545 1712 1645 1746 super
1677 1701 1727 1735 his
1757 1712 1776 1735 a
1802 1712 1991 1745 quoquam,

1237 1754 1347 1798 quavis
1358 1754 1562 1795 auctoritate,
1580 1754 1718 1789 scienter
1731 1755 1780 1789 vel
1796 1754 1994 1799 ignoranter,

1238 1808 1408 1851 eontigerit
1432 1808 1593 1842 attentari.

1282 1862 1297 1904 ξ
1317 1861 1348 1894 4.
1372 1861 1441 1895 Non
1462 1861 1662 1895 obstantibus
1682 1867 1793 1895 nostra
1813 1872 1872 1906 per
1896 1873 1994 1906 quam

1239 1914 1374 1955 dudmn,
1396 1914 1479 1948 inter
1499 1915 1572 1955 alia,
1592 1915 1753 1949 voluimus
1774 1916 1861 1960 quod
1881 1921 1995 1960 peten-

1240 1973 1286 2001 tes
1305 1968 1463 2001 beneficia
1479 1968 1695 2002 ecelesiastica
1707 1968 1778 2002 aliis
1795 1969 1893 2010 uniri,
1909 1974 1997 2003 tene-

1240 2025 1353 2053 rentur
1368 2020 1549 2066 exprimere
1560 2032 1671 2054 verum
1685 2032 1830 2055 annuum
1841 2022 1996 2063 valorem,

1241 2075 1419 2107 secundum
1426 2074 1624 2118 praedictam
1634 2074 1890 2108 aestimationem
1900 2075 1996 2109 etiam

1240 2127 1390 2160 beneficii
1426 2127 1479 2160 eui
1509 2127 1597 2160 aliud
1624 2127 1710 2160 uniri
1741 2132 1924 2171 peteretur,
1966 2134 1999 2162 et

1241 2191 1370 2224 semper
1390 2179 1422 2213 in
1442 2180 1616 2213 unionibus
1637 2181 1821 2214 commissio
1841 2180 1934 2215 fieret
1956 2182 1996 2215 ad

1241 2238 1360 2277 partes,
1382 2233 1502 2266 voeatis
1521 2243 1663 2277 quorum
1683 2233 1864 2274 interesset3
1885 2245 1924 2268 ac
1942 2235 1997 2268 La-

1243 2287 1420 2320 teranensis
1456 2287 1586 2320 concilii
1619 2286 1791 2320 novissime
1828 2287 1994 2328 celebrati,

1242 2339 1379 2373 uniones
1399 2345 1583 2383 perpetuas,
1605 2338 1666 2372 nisi
1691 2339 1724 2372 in
1744 2338 1871 2372 casibus
1894 2350 1912 2373 a
1926 2340 1997 2374 iure

1243 2388 1418 2431 permissis,
1441 2388 1744 2431 fieriprohibentis3
1771 2398 1899 2421 necnon
1923 2389 1996 2432 piae

1243 2437 1418 2470 memoriae
1448 2438 1602 2471 Bonil'aeii
1627 2438 1732 2481 Papae
1752 2437 1867 2478 octavi,
1899 2438 1996 2470 etiam

1243 2486 1500 2529 praedecessoris
1518 2486 1632 2527 nostri,
1649 2485 1785 2529 aliisque
1797 2485 1997 2520 constitutio-

1243 2533 1338 2566 nibus
1355 2539 1386 2567 et
1398 2534 1656 2567 ordinationibus
1667 2534 1864 2578 apostolicis;
1881 2544 1919 2567 ac
1930 2544 1997 2568 mo-

1243 2582 1386 2624 nasterii,
1404 2583 1521 2618 domus
1536 2583 1733 2617 etOrdinum
1742 2582 1995 2631 praedictorum,

1995 215 2044 244 An.
2062 216 2093 245 C.
2111 216 2180 245 {⁸68

2061 1875 2193 1898 obsit-nuum

2008 1907 2126 1934 derogatio.
