2237 3100
222 244 272 270 An.
289 243 319 271 c.
338 243 401 269 ιδῃ
466 231 530 266 936

249 304 406 330 ‹ztansutaepro
423 294 673 331 commissarios,
693 293 805 336 quavis
824 290 1014 324 auctoritate
1041 289 1176 332 fungen-

224 336 488 392 {2:8'12¹³p¹f.v¹1'12¹¹¹.fftes,
509 347 634 380 sublata
655 347 700 380 eis
721 351 751 378 et
773 355 886 377 eorum
908 343 1038 376 cuilibet
1065 342 1176 385 quavis

422 401 515 434 aliter
535 400 698 433 iudicandi
721 405 748 431 ct
772 396 1003 440 interpretamli
1026 396 1175 428 facultate

423 460 451 487 et
467 454 669 493 auctoritate,
688 450 823 484 iudicari
845 456 876 483 et
895 449 1022 483 deliniri
1045 449 1174 487 debere3

422 518 458 539 ac
468 507 594 539 irritum
610 512 637 538 et
650 506 757 543 inane,
767 504 792 537 si
801 515 893 537 secus
904 514 1002 546 super
1012 502 1061 534 liis
1070 513 1087 534 a
1098 512 1177 545 quo-

422 571 532 603 quam,
547 560 658 603 quavis
670 558 873 597 atictoritate,
884 556 1022 589 scienter
1032 556 1079 588 vel
1090 555 1178 598 igno-

423 620 545 651 ranter,
575 613 742 655 contigerit
774 610 935 650 attentari,
958 609 1174 642 decernimus.

467 667 482 708 ξ
500 666 533 699 lt.
556 667 624 699 Non
645 665 847 699 obstantibus
868 664 1035 707 quibusvis
1051 668 1179 706 aposto-

252 725 409 746 ⁰b³1-·¹¹¹=a¹=›¹-
424 708 494 751 licis
515 731 563 759 ac,
586 720 619 751 in
648 719 900 762 provincialibus
921 723 951 750 et
971 716 1179 761 synodalibus

226 758 255 776 ¹¹¹⁴
424 772 570 805 conciliis
598 772 709 809 editis,
738 771 943 813 generalibus
962 770 1009 802 vel
1031 768 1178 812 speciali-

425 826 484 857 bus
515 825 800 860 constitutionibus
835 830 865 856 et
896 822 1176 861 ordinationibus,

381 910 384 913 Δ
425 878 605 922 ceterisque
625 878 795 911 contrariis
815 878 1087 920 quilniscumque.

470 932 485 975 ἓ
504 932 534 965 5.
561 932 714 965 Volumus
734 938 842 964 autem
876 931 963 973 quod
984 930 1101 966 iidem,
1125 930 1180 971 qui

253 995 411 1019 .i1.s.›nmi›oe-
427 985 664 1018 absolutionem
690 984 886 1017 obtinuerint
920 990 953 1016 ut
986 983 1177 1025 praefertur,

228 1029 412 1085 {12¹,{¹¹,',‡¹'2,.,'J¹,¹J
428 1038 636 1081 penitentiam
676 1050 734 1082 per
768 1039 968 1071 confessores
986 1065 993 1077 ,
1029 1047 1110 1080 quos
1144 1047 1181 1069 ex

227 1089 412 1148 :ji{‘‡,2‘⁵‘}„n⁴¹o¹{jffi{
427 1092 612 1135 approbatis
632 1093 671 1125 ab
692 1092 864 1125 ordinariis
885 1092 1013 1123 illarum
1039 1090 1180 1134 partium

228 1154 265 1172 >ub
282 1157 349 1177 rnen-¹
366 1149 412 1169 ¹¹⁰¹*
428 1146 574 1178 duxerint
593 1146 769 1188 eligendos,
785 1145 963 1189 adimplere
979 1145 1113 1177 omniuo
1134 1150 1176 1177 te-

227 1183 410 1235 iiifdiffl'wnsa'
428 1204 584 1237 neantur,
610 1199 752 1242 alioquin
778 1199 997 1231 absolutiones
1025 1204 1051 1230 ct
1084 1208 1182 1241 super

428 1252 663 1295 irregularitate
685 1253 834 1285 obtentae
848 1252 1086 1295 dispositiones,
1103 1262 1182 1295 quo-

426 1305 464 1338 ad
485 1306 591 1339 sorum
613 1306 841 1346 conscientiae,
862 1306 969 1337 nullae
995 1305 1068 1337 sint.

468 1359 582 1392 Datum
604 1359 723 1392 Romae
738 1360 823 1402 apud
840 1359 871 1391 S.
890 1359 1033 1397 Petrum,
1049 1358 1108 1390 sub
1124 1368 1181 1390 an-

428 1412 506 1445 nulo
526 1412 715 1453 piscatoris,
739 1413 790 1445 dic
811 1418 925 1456 quarta
945 1413 1091 1455 augusti,
1113 1412 1183 1444 mil-

428 1465 540 1498 lesimo
550 1466 1181 1510 quingentesimoseptuagesimoprimo,

428 1518 635 1561 pontificatus
650 1521 752 1553 nostri
772 1531 857 1553 anno
877 1531 918 1553 w.

467 1576 531 1606 Dat.
549 1577 595 1607 die
610 1578 629 1607 4
646 1579 762 1616 augusti
781 1579 867 1617 1:271,
889 1579 993 1618 pontis.
1011 1588 1087 1609 anno
1100 1588 1140 1609 Vl.

757 1765 842 1798 CCII.

430 1842 523 1874 Bona
550 1842 823 1874 mimccsteriorum
848 1841 981 1875 Ordinis
1006 1842 1182 1875 Praedica-

477 1899 581 1927 torwn
593 1895 788 1927 monialibus·
801 1896 1027 1928 (les-titulorum
1039 1900 1184 1938 spectant

476 1949 518 1981 acl
547 1949 667 1990 fratres
695 1949 834 1982 eiusdem
865 1949 1012 1989 Ordinis,
1049 1960 1181 1992 qaorum

477 2012 573 2034 curae
592 2003 760 2035 commissa
779 2007 873 2035 erant
892 2002 916 2034 ¹.

473 2090 533 2118 Pius
552 2091 623 2126 Papa
642 2091 672 2123 V.
692 2091 725 2119 ad
744 2093 906 2127 perpetuam
922 2092 963 2120 rei
982 2093 1148 2121 memoriam.

477 2170 571 2203 Decet
606 2171 787 2204 Romanum
820 2172 1030 2213 Pontificem,
1072 2175 1184 2207 certis-

433 2223 550 2256 simum
572 2225 687 2258 mentis
704 2236 780 2258 suae
801 2225 1023 2270 interpretem,
1042 2228 1065 2260 si
1081 2239 1185 2271 quan-

432 2276 473 2309 do
504 2278 668 2321 quidpiam
700 2279 872 2312 dubietatis
900 2280 932 2312 in
964 2281 1185 2314 Romanorum

433 2329 626 2363 Pontificum
654 2333 942 2376 praedecessorum
970 2345 1103 2366 suorum
1134 2345 1185 2368 re-

433 2383 759 2425 scriptisoccurrerit,
775 2397 815 2419 ne
831 2385 967 2419 ulterius
982 2387 1063 2420 illud
1082 2388 1184 2420 baesi-

436 2436 521 2468 tandi
559 2438 727 2471 materiam
766 2439 930 2482 praebeat,
963 2440 1083 2473 salubri
1109 2452 1185 2474 suae

433 2487 658 2523 declarationis
683 2493 814 2525 oraculo
841 2493 1085 2536 quamprimum
1109 2494 1185 2527 sub-

435 2551 574 2575 movere..

261 2235 391 2255 Praemium

473 2619 481 2643 t
506 2618 545 2644 Ex
566 2618 631 2646 Bull.
645 2619 710 2646 Ord.
727 2619 834 2653 Praed„
847 2625 912 2648 tom.
929 2630 956 2654 v,
975 2629 1033 2656 pag.
1052 2622 1112 2649 2812.

1019 237 1198 261 Bt'LLARmM
1222 237 1373 261 ROMANUM

1987 238 2037 265 An.
2055 234 2165 266 01571

1263 289 1277 331 ᾖ
1306 289 1336 321 ’1.
1370 289 1469 331 Sane,
1501 290 1584 323 sicut
1611 291 1816 335 accepimus,
1846 291 1969 324 dudum
2011 301 2119 324 sinustv
2134 302 2172 325 ‹ie-

1217 341 1320 374 felicis
1340 343 1574 376 recordationis
1590 343 1696 376 Sixtus
1713 344 1796 388 Papa
1810 344 1858 385 lv,
1876 355 1970 388 prae-
1985 334 2174 387 ζξξξζζζζῃοῗζζζῖ

1219 396 1368 428 decessor
1388 402 1514 438 noster,
1542 407 1615 430 cum
1647 397 1821 440 aliquando
1845 398 1971 430 contin-
1986 395 2174 448 gfssmpffissiiffi]

1219 453 1305 492 geret
1321 450 1512 483 monasteria
1525 450 1715 483 monialium
1727 449 1854 484 Ordinis
1865 450 1973 484 Sancti
1987 460 2026 480 bus
2059 459 2172 479 aes-muzo-
2210 460 2214 462 Ἴ
2236 451 2237 459 ’

1222 504 1409 545 Augustini,
1432 504 1492 537 sub
1520 515 1614 543 cura,
1643 503 1755 536 habitu
1786 509 1814 538 et
1853 504 1975 538 consti-
1988 497 2046 549 iffi.
2057 489 2174 547 ”gpgffi‘ss'

1221 557 1343 590 tutione
1379 558 1512 590 fratrum
1547 557 1675 591 Ordinis
1713 557 1975 591 Praedicatorum

1221 610 1327 643 Sancti
1362 611 1517 644 Dominici
1546 611 1753 654 degentium,
1782 611 1976 645 monialibus

1220 663 1369 703 destitui,
1392 665 1472 697 adeo
1493 670 1527 697 ut
1552 665 1591 697 de
1612 675 1734 697 eorum·
1747 653 1977 698 reformatione

1221 728 1294 760 spes
1321 718 1409 750 nulla
1434 724 1637 762 superesset,
1669 718 1977 762 convenientiusque

1222 776 1299 803 esset
1322 771 1410 814 quod
1431 771 1561 804 illorum
1591 771 1636 804 sic
1656 771 1885 804 destitutorum
1906 778 1979 805 mod*

1223 824 1437 857 misteriormn
1459 825 1542 857 bona
1572 825 1611 857 ad
1637 825 1724 868 ipsos
1749 826 1863 858 fratres
1883 825 1977 858 deve-

1222 876 1349 915 nirent,
1372 889 1512 920 quorum
1539 884 1627 911 erant
1655 889 1752 912 curae
1772 879 1976 924 commissae,

1222 941 1317 972 quam
1339 931 1377 963 ad
1398 931 1490 971 alios,
1509 931 1574 971 illa,
1593 942 1676 975 quae
1691 931 1735 964 sic
1748 932 1899 965 destituta
1912 931 1978 964 exi-

1222 984 1344 1016 stebant
1358 990 1387 1017 ct
1403 985 1530 1018 destitui
1553 986 1751 1029 contingeret
1769 985 1801 1017 in
1820 985 1978 1026 futurum,

1224 1048 1297 1069 cum
1325 1038 1475 1071 omnibus
1505 1044 1534 1071 et.
1563 1038 1697 1081 singulis
1721 1049 1834 1071 eorum
1864 1038 1977 1079 bonis,

1224 1090 1308 1123 dieto
1333 1091 1455 1131 Ordini,
1475 1103 1512 1125 ac
1533 1093 1670 1125 fratrum
1691 1091 1819 1125 Ordinis
1848 1092 1979 1125 Praedi-
2001 1122 2003 1124 .

1223 1148 1368 1177 catorum
1390 1145 1591 1185 huiusmodi,
1613 1145 1732 1189 quibus
1748 1156 1785 1178 ex
1805 1146 1908 1178 forma
1927 1156 1980 1178 re-

1224 1196 1353 1239 giminis
1382 1198 1484 1242 ipsius
1504 1198 1632 1232 Ordinis
1653 1199 1878 1242 competebat,
1905 1202 1980 1242 per-

1224 1251 1330 1293 petuis
1351 1251 1463 1284 usibus
1480 1251 1664 1296 applicavit,
1681 1252 1725 1285 ita
1741 1258 1776 1285 nt
1791 1252 1904 1286 fratres
1919 1251 1979 1296 ipsi

1225 1310 1357 1347 possent
1381 1305 1419 1337 dc
1449 1305 1511 1338 illis
1531 1311 1561 1339 et
1579 1317 1692 1339 eorum
1706 1305 1979 1339 monasteriorum

1224 1359 1397 1391 structuris
1423 1365 1450 1391 et
1478 1359 1633 1392 aedificiis
1652 1370 1711 1403 pro
1733 1370 1846 1393 eorum
1862 1359 1978 1393 volun-

1225 1416 1287 1444 tatc
1302 1412 1492 1455 disponere,
1516 1413 1642 1456 proviso
1664 1418 1772 1447 tamen
1798 1413 1886 1458 quod
1904 1413 1978 1446 illo-

1225 1476 1296 1497 rum
1311 1466 1465 1499 ccclesiae
1479 1472 1507 1498 et
1523 1466 1663 1499 oratoria
1679 1467 1718 1500 ad
1733 1467 1886 1511 profanos
1901 1471 1981 1500 usus

1191 1540 1194 1545 ,
1225 1529 1289 1551 non
1308 1519 1548 1562 redigerentur,
1573 1520 1627 1553 sed
1647 1520 1680 1553 in
1700 1520 1763 1554 illis
1786 1520 1982 1564 quandoque

1226 1572 1329 1605 divina
1353 1572 1596 1606 celebrarentur
1616 1573 1739 1615 officia,
1762 1579 1858 1617 prout
1879 1573 1912 1606 in
1932 1574 1982 1617 ip-

1226 1626 1291 1658 sius
1312 1625 1389 1659 Sixti
1410 1626 1667 1669 praedecessoris
1687 1626 1819 1668 titteris,
1842 1627 1983 1671 desuper

1226 1679 1392 1720 consectis,
1415 1679 1543 1723 plenius
1563 1680 1760 1713 continetur.

1271 1734 1285 1775 ,ξ
1302 1732 1332 1765 2.
1348 1732 1426 1765 Cum
1441 1739 1561 1774 autem,
1581 1733 1660 1767 sicut
1673 1734 1768 1766 etiam
1780 1733 1980 1777 accepimus,
2048 1748 2100 1770 osi·
2128 1753 2180 1769 vero

1226 1797 1243 1819 a
1264 1786 1431 1819 nonnullis
1451 1787 1627 1820 liaesitetur
1646 1797 1805 1831 quaenam
1826 1793 1857 1820 et
1872 1787 1981 1831 qualia
1995 1783 2181 1839 ssflssffiffiessj

1226 1840 1420 1873 monasteria
1460 1846 1490 1873 ct
1528 1851 1668 1884 quornm
1709 1840 1980 1874 monasteriorum
1995 1846 2181 1895 gffierggffifffi

1226 1893 1310 1925 bona
1326 1893 1409 1926 idem
1433 1893 1537 1926 Sixtus
1560 1895 1790 1938 praedecessor
1810 1905 1868 1938 per
1887 1904 1981 1938 prae·
1995 1905 2074 1926 lineri:
2111 1904 2182 1925 butu·-

1227 1948 1305 1978 t'atas
1317 1946 1437 1979 litteras
1449 1947 1534 1980 dicto
1556 1947 1668 1980 Ordini
1684 1958 1741 1981 seu
1758 1948 1911 1981 fratribus
1924 1958 1982 1992 ap-
1997 1939 2061 1966 ''¹⁰⁶³’

1227 2000 1390 2043 pliraverit
1410 2011 1465 2033 seu
1486 2001 1651 2045 applicare
1672 2001 1817 2034 voluerit.

1270 2053 1330 2095 §J
1351 2053 1425 2094 Nos,
1444 2064 1573 2086 omnem
1588 2054 1832 2097 ambiguitatem
1853 2059 1983 2087 nostrae
2051 2058 2100 2080 ΡΜ
2120 2058 2173 2081 5⁵¹ss

1997 2093 2090 2111 mentem
2109 2090 2181 2111 decta-

1227 2106 1499 2150 interprctationis
1515 2107 1658 2140 remedio
1675 2108 1762 2141 circa
1776 2107 1838 2141 hoc
1854 2107 1983 2141 submo-
1998 2123 2030 2142 ni
2044 2121 2101 2142 iun·
2115 2120 2182 2142 rubri·
2229 2130 2231 2132 -

1228 2170 1299 2192 vere
1320 2160 1472 2200 volentes,
1489 2172 1525 2193 ac
1542 2161 1672 2194 eosdem
1693 2161 1807 2194 fratres
1822 2166 1853 2194 et
1868 2172 1982 2195 eorum
1997 2157 2051 2177 ‘⁸³¹³

1228 2213 1371 2255 singulos
1391 2225 1408 2246 a
1435 2213 1600 2256 quibusvis
1620 2214 1980 2254 excommunicationis,

1229 2267 1449 2310 suspensionis
1479 2273 1507 2299 et
1530 2267 1692 2300 interdicti
1713 2268 1848 2311 aliisque
1877 2268 1982 2301 eccle-

1228 2320 1363 2351 siasticis
1384 2321 1568 2358 sententiis,
1592 2321 1737 2354 censuris
1764 2327 1795 2354 et
1813 2321 1945 2365 poenis,
1965 2331 1982 2354 a

1228 2373 1298 2405 iure
1320 2374 1365 2405 rel
1383 2373 1422 2405 ab
1442 2373 1590 2413 homine,
1612 2375 1723 2417 quavis
1743 2374 1913 2413 occasione
1933 2374 1981 2407 vel

1229 2432 1336 2461 causa,
1360 2422 1442 2461 latis,
1459 2422 1482 2453 si
1497 2422 1615 2465 quilius
1631 2423 1876 2465 quomodolibet
1891 2423 1983 2456 inno—

1228 2470 1290 2502 dati
1325 2471 1475 2509 cxistaut,
1506 2471 1543 2503 ad
1576 2472 1727 2504 effectum
1762 2472 1979 2515 praesentium

1229 2519 1390 2551 dumtaxat
1408 2521 1684 2563 consequendum,
1700 2521 1814 2553 barum
1829 2521 1911 2554 serie
1924 2520 1980 2553 ab·

1228 2568 1386 2601 solventes
1428 2574 1457 2601 et
1495 2569 1659 2602 absolutos
1693 2569 1760 2602 fore
1791 2575 1978 2609 censentes,

1229 2622 1317 2648 motu
1339 2616 1490 2660 proprio,
1523 2627 1585 2650 non
1607 2618 1645 2650 ad
1673 2618 1818 2661 ipsorum
1842 2617 1979 2652 fratrum
