2237 3100
291 237 343 264 An.
360 238 389 265 C.
410 239 475 268 ¹567

334 621 469 642 Confirmatio

288 653 379 673 oninium
405 654 471 679 privi-

284 683 395 709 legiorum,
408 689 468 710 quae.

285 715 346 736 aliter
362 721 420 742 quani
432 722 469 736 su-

285 752 322 772 pra
343 752 468 767 concessum

284 781 325 801 est,
376 777 468 798 concilio

284 806 407 827 Tridentino
424 813 465 828 non

284 838 429 860 adversantur.

546 231 610 265 582

492 293 645 337 gnomina
664 293 808 326 iudicum
834 297 859 326 et
889 291 1134 333 collitigantium
1160 300 1239 333 pra*-

490 347 633 381 sentibus
657 348 768 381 haberi
794 347 942 380 volumus
963 356 1022 388 pro
1042 344 1239 377 sufficienter

489 401 662 445 expressis,
691 411 855 434 cassamus
883 406 911 432 et
942 398 1167 441 extinguimus,
1201 409 1238 430 ac

489 454 634 498 partibus
663 454 740 498 ipsis
764 459 959 498 perpetuum
989 452 1151 486 silentium
1187 452 1239 485 de-

488 519 585 552 super
604 508 811 551 imponimus.

529 561 544 604 §
568 561 598 595 5.
627 561 670 594 Ac
698 561 841 606 insuper,
862 567 897 594 ut
917 561 1043 594 facilius
1064 561 1237 605 praemissa

485 614 593 647 omnia
610 615 730 647 illibata
745 614 930 658 persistant,
948 615 1056 649 onmia
1070 620 1098 647 ct
1111 615 1236 658 singula

485 668 661 711 privilegia,
684 668 914 709 immunitates,
944 669 1169 711 indulgentias,
1194 669 1237 702 sa—

483 722 629 762 eultates‚
652 722 833 763 libertates,
861 723 997 763 indulta,
1025 723 1235 767 dispensatio-

483 786 550 816 nes,
569 776 690 809 favores
708 782 739 809 et
758 777 887 819 gratias,
910 788 992 820 quac
1008 777 1143 811 decretis
1163 790 1235 811 eon-

482 829 545 862 cilii
565 830 754 871 Tridentini,
772 830 849 864 alias
860 842 956 875 quam
971 836 1005 863 ut
1025 833 1173 876 superius
1189 837 1234 866 est

481 883 615 925 dictum,
639 895 830 918 concessum
858 890 889 918 et
918 884 1137 927 declaratum,
1168 896 1233 919 non

481 938 720 972 contrariantur
741 949 907 983 expresse,
934 940 1055 972 eisdem
1082 941 1234 974 fratribus

480 1001 607 1024 necnon
623 992 817 1026 monialibus
837 993 1098 1038 quibuscumque
1123 999 1153 1027 et
1181 1006 1232 1027 so-

479 1045 608 1078 roribus
626 1045 724 1079 Tcrtii
744 1046 872 1080 Ordinis
889 1047 1131 1090 praedictorum
1143 1048 1232 1081 Ordi-

479 1109 558 1132 num
591 1100 767 1143 respective
800 1100 992 1142 Ordinibus,
1028 1113 1065 1135 ac
1099 1102 1230 1135 illorum

478 1153 634 1194 ecclesiis,
657 1154 807 1188 domibus
826 1160 857 1188 et
877 1155 1023 1198 personis
1036 1183 1043 1195 ,
1066 1156 1161 1189 etiam
1189 1156 1231 1188 ri-

477 1217 533 1239 vae
552 1207 639 1240 vocis
659 1208 805 1249 oraculo,
827 1208 859 1241 in
880 1220 997 1252 genere
1025 1210 1074 1243 vel
1098 1210 1131 1242 in
1161 1222 1231 1254 spe-

478 1260 536 1300 cie,
553 1265 617 1293 tam
638 1271 696 1305 per
719 1262 912 1295 recolendae
931 1263 1108 1297 memoriae
1124 1264 1229 1308 Euge-

477 1313 752 1355 niule‚Sixtum
770 1316 818 1356 lv,
833 1316 970 1349 Leonem
982 1317 1019 1357 X,
1038 1318 1173 1350 Paulum
1192 1318 1229 1351 lIl

476 1379 513 1401 ac
535 1368 656 1402 dictum
682 1370 818 1403 Paulum
842 1371 878 1403 IV
902 1376 932 1404 et
959 1371 1050 1404 Pium
1076 1372 1168 1405 etiam
1194 1372 1228 1405 lV

475 1433 572 1466 quam
584 1422 663 1456 alios
673 1434 897 1467 quoscumque
914 1425 1075 1458 Romanos
1095 1426 1228 1459 Pontifi-

475 1487 538 1518 ces,
548 1476 642 1510 etiam
664 1478 918 1521 praedeeessores
932 1485 1071 1517 nostros,
1085 1491 1120 1512 ae
1132 1487 1225 1514 nos-et

475 1531 589 1564 Sedem
610 1531 757 1565 eamdem
783 1532 1027 1575 quomodolibet
1062 1544 1225 1572 concessa,

475 1585 665 1619 confirmata
680 1590 711 1619 et
729 1585 890 1624 innovata,
912 1597 1039 1620 necnon
1056 1594 1182 1621 nostras
1198 1594 1225 1621 et

475 1639 761 1684 praedecessorum
777 1647 964 1673 nostrorum
980 1652 1017 1674 ac
1038 1642 1117 1675 alias
1135 1654 1227 1686 quas-

474 1704 615 1738 cumque
640 1694 780 1738 desuper
804 1694 967 1728 consectas
996 1696 1116 1735 literas,
1147 1708 1226 1740 qua-

473 1759 547 1781 rum
563 1747 710 1781 omnium
730 1754 859 1781 tenores
886 1759 922 1782 ac
939 1751 1127 1783 eorumdem
1147 1762 1226 1795 prax-

472 1802 678 1836 decessorum
698 1807 884 1835 nostrorum
905 1803 1037 1837 nomina
1066 1811 1096 1837 et
1112 1804 1172 1838 alia
1188 1806 1225 1838 de

471 1856 660 1889 necessitate
676 1856 897 1900 exprimenda,
920 1868 956 1890 ac
973 1858 996 1890 si
1018 1858 1057 1891 de
1072 1859 1170 1891 verbo
1187 1860 1225 1892 ad

470 1910 615 1951 verbnm,
637 1909 717 1942 nihil
737 1910 867 1954 penitus
887 1911 1007 1945 omisso
1028 1918 1058 1945 et
1078 1913 1180 1946 sorim
1193 1913 1225 1946 in

470 1963 534 1997 illis
553 1963 669 1997 tradita
693 1963 876 2005 observata,
908 1965 1019 1998 inserti
1044 1966 1161 2008 forent,
1195 1978 1226 2000 e-

470 2017 546 2051 tiam
563 2017 786 2062 praesentibus
806 2029 865 2062 pro
886 2019 1083 2053 sufficienter
1095 2032 1224 2065 expres-

470 2071 513 2104 sis
526 2071 638 2104 haberi
653 2072 815 2112 volumus,
828 2073 1019 2106 auctoritate
1034 2075 1222 2117 apostoliea,

471 2131 583 2159 tenore
612 2126 846 2170 praesentium,
884 2132 1040 2170 perpetuo
1062 2130 1223 2172 aliproba-

471 2190 543 2213 mus
571 2185 602 2213 et
622 2180 866 2220 confirmamus,
893 2180 1021 2225 illisque
1047 2189 1223 2226 perpetuae

470 2239 501 2266 et
520 2234 713 2268 inviolabilis
736 2234 897 2268 firmitatis
918 2236 1019 2268 robur
1038 2237 1220 2276 adiieimus,

470 2299 571 2331 eaque
591 2288 757 2333 perpetuis
772 2288 889 2322 futuris
903 2290 1105 2333 temporibus
1123 2291 1223 2325 iuvio-

470 2342 609 2375 labiliter
629 2343 790 2376 observari
819 2343 949 2383 debere;
981 2354 1017 2375 ae.
1052 2345 1220 2383 fratribus,

471 2396 693 2439 superioribus
721 2403 752 2430 et
772 2397 918 2441 personis
933 2397 1089 2431 Ordinum
1110 2399 1221 2433 liuius-

471 2444 558 2478 modi
578 2455 705 2478 necnon
733 2447 804 2479 aliis
835 2447 1108 2490 quibuscumque,
1140 2460 1221 2492 quos

470 2493 525 2526 illa
556 2502 773 2537 concernunt,
810 2496 978 2540 suffragari
1012 2497 1128 2531 debere
1164 2510 1219 2531 seu

470 2553 564 2586 posse
587 2544 747 2578 volumus.
783 2545 914 2579 Necnon
944 2545 1121 2589 privilegia,
1158 2547 1218 2580 im-

471 2592 653 2633 munitates,
681 2594 857 2636 facultates,
880 2595 1052 2635 libertates,
1077 2596 1213 2635 indulta,

468 2640 732 2685 dispensationes,
769 2645 1006 2688 ewinptiones.
1038 2646 1214 2691 savoresdet
1236 2673 1245 2678 .

1096 237 1275 261 Burmanni
1299 237 1449 260 nomnen

1264 289 1407 332 gratias,
1428 296 1493 323 tam
1514 289 1696 332 spirituales
1711 301 1807 334 quam
1825 291 2028 335 temporales,

2049 241 2098 267 An.
2116 241 2145 269 C.
2161 242 2229 270 ¹567

1281 343 1378 376 inodo
1408 348 1439 375 et
1472 344 1574 375 forma
1608 343 1725 387 quibus
1755 355 1906 378 concessa
1935 350 2028 385 sunt,

1279 397 1374 430 etiam
1407 408 1466 440 per
1488 397 1569 429 viam
1595 398 1896 431 communicationis
1925 405 2029 432 etex-

1280 451 1445 491 tensionis,
1476 451 1575 484 active
1596 456 1627 484 et
1656 452 1789 495 passive,
1821 453 1904 486 inter
1933 464 1965 486 se
1999 458 2027 485 et

1277 505 1357 537 alios
1382 516 1606 549 quoscumque
1626 505 1761 539 Ordines
1785 507 1972 551 respective,
1989 508 2028 541 de

1278 569 1358 591 noro
1380 558 1602 596 concedimtts2
1633 559 1754 603 illaque
1784 561 1892 594 omnia
1911 567 1943 594 et
1961 563 2027 596 sin-

1276 613 1351 654 gula
1363 613 1401 645 ad
1419 613 1533 646 domos
1552 620 1579 645 et
1598 613 1667 646 loca
1683 625 1909 658 quaecumque
1925 616 2027 649 dicto-

1278 677 1349 698 rum
1377 667 1625 700 tllendicantium
1653 668 1809 701 Ordinum
1845 675 1876 702 et
1903 671 2028 704 monia-

1278 721 1357 753 lium
1382 732 1665 765 quarumeumque
1685 733 1721 755 ac
1737 733 1886 756 sororum
1904 724 1943 756 de
1954 725 2028 758 Ter-

1279 775 1322 807 tio
1343 775 1461 809 Ordine
1494 783 1769 822 nuncupatarum,
1801 778 1832 810 in
1850 789 2026 823 congrega-

1277 828 1362 862 tione
1396 830 1567 863 viventium
1598 831 1758 864 dictorum
1792 831 1961 875 Ordinum,
1992 840 2027 867 ut

1277 885 1468 927 praefertur,
1486 885 1643 926 haetenus
1666 893 1795 931 recepta
1816 895 1847 922 et
1866 888 1898 922 in
1918 895 2026 933 poste-

1276 948 1348 970 rum
1369 938 1567 982 recipienda,
1597 950 1723 974 necnon
1744 952 1857 975 eorum
1873 953 2026 986 personas

1275 997 1305 1024 ct
1324 992 1421 1031 bona,
1457 993 1552 1026 etiam
1574 993 1599 1025 si
1628 993 1872 1038 prixilegiorum
1900 1002 1931 1029 et
1949 997 2026 1030 alia-

1274 1057 1346 1078 rum
1381 1047 1557 1089 gratiarum
1587 1048 1805 1091 praefatorum
1841 1051 2025 1085 authentica

1274 1099 1452 1143 originalia,
1474 1107 1607 1145 propter
1626 1103 1781 1146 temporis
1800 1104 2024 1147 antiquitatem

1272 1154 1320 1187 vel
1340 1155 1442 1187 varias
1452 1156 1545 1188 Urbis
1565 1156 1685 1197 ruinas,
1698 1157 1864 1200 deperdita
1879 1158 2024 1201 existant,

1273 1208 1451 1242 dummodo
1471 1209 1510 1242 de
1536 1209 1581 1242 eis
1611 1211 1689 1243 alias
1715 1211 1858 1254 legitime
1887 1218 2021 1255 constet,

1272 1262 1476 1296 extendimus
1493 1268 1524 1296 et
1543 1265 1749 1308 ampliamus.

1315 1316 1329 1359 ξ
1350 1316 1381 1349 (ἰ.
1413 1317 1449 1349 Et
1479 1317 1536 1358 sie,
1559 1317 1591 1351 in
1616 1319 1802 1362 praemissis
1822 1319 1974 1354 omnibus
1993 1325 2024 1353 et
2065 1335 2175 1358 Decretum
2191 1339 2221 1358 it·-

1271 1369 1416 1412 singulis,
1440 1382 1498 1414 per
1512 1382 1737 1416 quoscumque
1758 1373 1882 1406 iudices
1901 1379 1932 1406 et
1947 1384 2022 1418 per·
2037 1367 2110 1387 '³¹³⁰'

1271 1434 1374 1461 sonas,
1395 1425 1506 1467 quavis
1525 1427 1716 1460 auctoritate
1730 1428 1909 1470 fungentes,
1926 1427 2020 1461 etiam

1270 1478 1450 1511 cardinales
1470 1486 1497 1512 et
1520 1480 1683 1514 auditores
1704 1483 1876 1525 praestitos,
1898 1481 2022 1515 sublata

1269 1531 1315 1564 cis
1335 1537 1365 1564 et
1391 1544 1503 1566 eorum
1533 1534 1665 1568 cuilibet
1695 1535 1804 1578 quavis
1824 1536 1918 1568 aliter
1936 1535 2021 1568 iudi-

1271 1585 1363 1618 candi
1384 1592 1414 1619 et
1434 1586 1667 1631 interpretandi
1688 1588 1839 1622 facultate
1859 1594 1890 1621 et
1909 1593 2020 1622 aucto-

1270 1639 1372 1676 ritate,
1394 1640 1529 1674 iudicari
1551 1647 1578 1673 et
1596 1642 1722 1675 definiri
1743 1643 1872 1684 debere;
1895 1653 2021 1676 necnon

1269 1694 1424 1737 quicquid
1440 1706 1542 1734 secus,
1553 1706 1650 1739 super
1662 1696 1720 1736 liis,
1731 1708 1748 1729 a
1759 1708 1935 1741 quoquam,
1944 1709 2022 1742 qua-

1269 1747 1314 1779 vis
1347 1748 1552 1789 auctoritate,
1574 1749 1713 1783 scienter
1743 1751 1791 1783 vel
1820 1751 2018 1794 ignoranter,

1270 1801 1439 1845 eontigerit
1464 1804 1624 1844 attenuari,
1647 1804 1775 1837 irritum
1796 1810 1827 1838 et
1845 1805 1940 1840 inane
1963 1807 2019 1841 de-

1269 1855 1442 1889 cernimus.

1312 1913 1326 1951 ,ξ
1356 1910 1385 1942 7,
1417 1910 1573 1949 Quocirca
1603 1911 1728 1945 dilectis
1766 1913 1840 1947 filiis
1878 1915 2017 1956 nostris,
2078 1928 2217 1950 Exeeiuorum

1267 1963 1529 1997 Praedicatorum
1548 1966 1702 1998 cardinali
1722 1967 1908 2010 protectori,
1931 1974 1962 2002 et
1981 1969 2015 2003 S.
2034 1960 2141 2012 ἓζῇῗὶζῑζο
2156 1961 2217 1982 ⁰²¹³*

1268 2017 1451 2062 Hieronymi
1473 2019 1614 2061 generali
1640 2018 1816 2063 Ordinum,
1848 2032 1884 2055 ac
1904 2021 2018 2057 Curiae

1267 2081 1438 2104 causarum
1454 2072 1606 2106 Gamerae
1627 2075 1828 2117 Apostolieae
1849 2076 1943 2109 etiam
1962 2087 2017 2120 ge-

1266 2125 1367 2158 nerali
1389 2125 1539 2165 auditori,
1565 2138 1650 2160 nunc
1674 2134 1704 2161 et
1720 2140 1778 2172 pro
1796 2134 1940 2173 tempore
1956 2131 2018 2164 exi-

1266 2179 1434 2220 stentibus,
1457 2191 1515 2223 per
1535 2182 1710 2224 apostolica
1722 2183 1851 2227 scripta,
1874 2189 1963 2218 motu
1976 2185 2016 2218 si-

1266 2233 1332 2265 mili
1361 2234 1552 2267 mandamus
1593 2241 1751 2279 quatenus
1786 2237 1846 2281 ipsi
1877 2238 1923 2270 vel
1949 2239 2015 2272 duo

1265 2294 1316 2319 aut
1340 2299 1423 2321 unus
1444 2290 1569 2328 eorum,
1598 2300 1656 2332 per
1685 2301 1717 2323 se
1745 2291 1791 2324 rel
1821 2291 1921 2324 alium
1957 2302 2013 2326 seu

1265 2341 1355 2381 alios,
1374 2348 1558 2384 praesentes
1576 2343 1683 2376 literas
1710 2349 1740 2377 et
1756 2343 1787 2377 in
1805 2344 1850 2378 eis
1865 2352 2015 2380 contenta

1264 2406 1507 2439 quam-umque,
1530 2396 1583 2428 ubi
1605 2403 1632 2430 ct
1655 2398 1785 2441 quaudo
1805 2409 1888 2443 opus
1908 2400 2016 2442 fuerit,

1264 2455 1300 2476 ac
1321 2445 1447 2487 quoties
1472 2456 1530 2488 pro
1552 2451 1641 2489 parte
1663 2448 1850 2480 eorumdem
1880 2450 2013 2484 fratrum

1263 2499 1314 2525 aut
1339 2495 1528 2527 monialium
1564 2497 1610 2528 rel
1641 2497 1777 2530 alicuius
1798 2509 1912 2532 eorum
1943 2500 2014 2533 sue-

1263 2542 1324 2575 rint
1347 2543 1487 2587 desuper
1507 2545 1666 2587 requisiti,
1698 2546 1885 2580 solcmniter
1905 2549 2013 2592 publi-

1263 2598 1382 2632 cantes,
1405 2593 1515 2636 eisquc
1537 2594 1567 2626 in
1591 2594 1772 2638 praemissis
1798 2596 1936 2630 efficacis
1957 2598 2013 2631 dc-

1263 2641 1414 2675 l'ensionis
1435 2642 1593 2685 praesidio
1613 2644 1805 2685 assistentes,
1829 2646 2012 2680 saciantau-
