2237 3100
74 270 125 297 An.
141 269 170 297 C.
191 269 258 297 ¹567

960 267 1040 296 mus,
1049 268 1066 291 V
1086 268 1134 292 ΙΨ.

1719 258 1783 291 567
1843 267 1893 294 An.
1911 267 1941 294 c.
1963 266 2028 294 1567

272 321 448 354 admodum
473 320 531 364 ipsi
562 331 692 364 quoque
713 320 922 360 reformandi,
945 321 1029 353 etad
1073 330 1147 353 cum
1160 319 1252 353 dictis
1272 319 1460 364 provinciali
1485 325 1512 352 et
1534 319 1603 352 eius
1623 319 1723 359 socio,
1747 320 1829 353 sicut

272 384 369 418 quam
403 373 527 406 vivendi
556 374 588 406 in
609 374 775 406 communi
801 374 938 406 formam
967 375 1025 407 sint

272 427 448 461 reducendi
478 427 548 459 aliis
578 427 678 460 literis
698 433 887 460 statuemus.
915 428 946 461 si
973 427 1027 471 qui

97 498 196 520 Poenam
209 504 254 523 eos,
270 485 378 513 autem
390 480 429 513 de
441 480 592 513 fratribus
604 480 875 514 Conventualibus
885 481 925 513 ad
935 492 1028 524 regu-

70 530 255 588 ἕξζζξιζῖξωξιᾛ
270 534 346 567 laris
357 534 439 567 vitae
455 535 689 568 observantiam
706 534 818 567 reduci
840 546 872 568 se
888 536 1028 578 pertina-

69 592 157 614 ¹⁰⁰¹i¹¹¹·
270 588 350 622 citer
369 588 599 629 recusaverint,
623 599 678 622 eos
698 588 731 621 in
752 589 948 629 carceribus,
969 590 1027 623 do-

269 652 329 674 nec
349 641 388 674 ad
409 653 466 675 cor
486 642 630 682 redeant,
654 641 713 674 sub
731 641 794 674 fida
815 642 961 675 custodia
978 654 1027 675 re-

268 694 364 728 tineri
404 695 607 728 mandamus.
653 695 698 728 Ne
733 700 841 728 autem
880 696 1025 739 ipsorum

268 750 404 782 fratrum
430 748 699 782 Conventualium
729 759 877 782 excessus
911 754 941 782 ct
974 750 1027 783 de-

268 802 342 835 licta
363 808 553 835 remaneant
576 803 747 846 impunita,
767 803 800 835 in
825 813 880 835 eos
910 813 1025 847 proce-

268 855 376 896 dendi,
395 861 426 889 et
445 866 504 899 pro
525 856 698 900 culparum
719 861 814 900 atque
835 866 1024 889 excessuum

267 909 492 952 magnitudine
516 910 809 947 animadvertendi,
837 915 866 943 et
897 910 922 943 si
942 920 1025 954 quo-

266 973 341 995 rum
361 963 478 996 delicta
498 963 579 996 adeo
600 963 707 1007 gravia
724 963 830 996 forent
845 963 931 1007 tussi
951 963 1025 996 laici

267 1020 388 1057 essent,
410 1016 525 1050 ultimo
545 1017 666 1050 fuerint
677 1016 837 1061 supplicio
854 1017 1022 1060 puniendi,

266 1069 307 1102 ad
328 1068 475 1102 triremes
495 1079 551 1102 eos
569 1069 756 1110 damnandi,
776 1069 800 1102 si
822 1070 919 1102 modo
940 1075 1025 1102 aetas

267 1128 297 1156 et
312 1122 394 1156 vires
413 1123 461 1156 illi
481 1123 584 1156 labori
604 1123 670 1167 apti
682 1123 756 1163 siut;
779 1123 827 1155 sin
850 1122 968 1163 minus,
992 1123 1025 1155 in

265 1182 461 1220 perpetuum
483 1187 649 1210 carcerem
673 1176 713 1209 ad
733 1177 888 1220 agendam
911 1176 1023 1220 poeni-

266 1229 399 1263 tentiam
416 1230 594 1274 relegandi,
627 1240 775 1263 excessus
804 1240 878 1263 vero
917 1230 1024 1263 minus

265 1294 387 1327 graves,
405 1294 465 1317 nec
475 1294 615 1331 poenam
627 1283 740 1327 capitis
752 1283 896 1324 meritos,
911 1294 1024 1316 secun-

229 1362 231 1364 .
265 1337 342 1370 dum
373 1337 546 1371 canonicas
571 1337 753 1371 sanctiones
787 1348 845 1370 seu
865 1337 1024 1381 archiepi-

265 1391 354 1435 scopi
387 1391 583 1435 episcopive,
607 1391 647 1424 ad
670 1401 768 1434 quem
794 1390 826 1423 id
853 1391 1021 1435 spectabit,

265 1449 296 1478 et
319 1444 525 1488 provincialis
551 1450 647 1488 atque
675 1444 721 1477 illi
747 1444 891 1478 adiuncti
917 1445 1024 1478 fratris

264 1497 398 1532 arbitrio
427 1498 596 1542 puniendi,
630 1498 715 1532 bona
735 1503 903 1542 praeterea
922 1509 1022 1542 quae-

264 1563 404 1597 cumque
425 1552 557 1586 mobilia
578 1558 608 1586 et
624 1553 802 1586 immobilia
815 1580 822 1591 ,
855 1559 919 1586 tam
939 1563 1022 1595 quae

263 1606 380 1640 domus
390 1617 504 1640 eorum
516 1607 548 1640 in
559 1606 724 1640 communi
738 1606 914 1650 possident,
924 1617 1021 1650 quam

262 1661 399 1694 fratrum
419 1660 686 1695 Conventualium
713 1665 805 1694 antea
830 1660 963 1704 propria
986 1671 1023 1693 ex

263 1715 510 1756 consuetudine,
532 1715 580 1748 vel
601 1715 710 1748 forsan
738 1725 775 1747 ex
800 1714 909 1758 aliquo
931 1715 1023 1749 obre-

264 1769 354 1813 ptitio
377 1770 426 1803 vel
443 1769 634 1813 subreptitio
646 1769 824 1813 privilegio,
836 1770 884 1802 vel
896 1769 1023 1813 dispen-

263 1823 385 1857 satione
412 1823 589 1867 apostolica
619 1823 663 1856 eis
695 1824 841 1857 obtinere
870 1834 1021 1856 concessa

263 1876 326 1910 sive
346 1878 517 1921 permissa,
539 1878 588 1910 vel
604 1887 641 1910 ea
657 1888 770 1910 eorum
792 1877 951 1910 industria
967 1888 1021 1910 ac-

262 1930 401 1974 quisita,
431 1931 482 1963 vel
513 1941 550 1964 ex
586 1936 758 1974 parentum
797 1931 1018 1971 successione,

262 1989 317 2017 aut
344 1984 384 2016 ab
411 1983 481 2017 aliis
505 1984 634 2025 relicta,
662 1985 765 2027 legata
788 1984 960 2024 donatave,
982 1985 1022 2017 ab

262 2037 318 2078 eis,
339 2042 404 2070 tam
429 2038 516 2081 quod
537 2037 577 2070 ad
597 2048 692 2071 usum
719 2044 747 2071 et
769 2038 1018 2082 possessionem,

261 2102 359 2136 quam
387 2091 474 2135 quod
505 2091 543 2124 ad
573 2091 805 2135 proprietatem
834 2091 957 2133 attinet,
989 2093 1021 2125 in

261 2150 457 2189 perpetuum
477 2144 665 2184 abdicandi:
692 2145 730 2178 de
754 2145 964 2178 conventibus
988 2157 1021 2178 e-

262 2198 338 2231 tiam
360 2198 496 2230 fratrum
520 2198 679 2240 regularis
699 2197 936 2240 Observantiae,
956 2209 1022 2232 uno

261 2252 310 2285 vel
322 2251 481 2295 pluribus,
490 2251 570 2284 alios
581 2251 614 2284 in
629 2251 817 2285 huiusmodi
830 2258 1019 2294 conventus,

262 2305 303 2339 de
316 2305 462 2350 ipsorum
484 2306 620 2338 fratrum
637 2305 856 2338 assistentium
871 2307 1020 2347 consilio,

125 2368 249 2396 Apostolica
262 2359 496 2400 transferendi;
519 2359 628 2393 omnia
649 2359 801 2403 denique,
815 2370 898 2403 quac
913 2361 962 2394 vel
983 2361 1022 2394 ad

63 2401 188 2423 conceditur
209 2406 248 2421 au·
498 2413 503 2418 .
961 2414 966 2419 ,

63 2433 246 2460 ωῆηψοςε.
263 2413 457 2447 abolendam
477 2419 573 2446 vitam
601 2413 857 2453 conventualem,
881 2419 911 2446 et
940 2420 1021 2447 rltae

65 2468 158 2486 ¹⁰¹⁰¹¹¹¹¹¹
194 2464 249 2485 “ffe-
263 2462 423 2506 regularis
448 2462 685 2496 observantiam
702 2462 774 2495 loco
791 2461 860 2494 eius
878 2461 1022 2496 introdu-

63 2499 249 2549 Kizari-1¹⁸3&
265 2512 412 2551 cendam,
439 2513 488 2545 vel
518 2512 558 2545 ad
587 2511 814 2555 inquirendam
847 2511 1021 2545 criminum

64 2557 248 2610 ζξιξιξζζῐζζξξοζζ
262 2561 428 2595 veritatem
448 2561 568 2594 fuerint
579 2560 760 2594 necessaria
775 2571 908 2603 quoquo
924 2561 1021 2594 modo

264 2615 320 2643 aut
339 2615 524 2655 opportuna
558 2610 690 2654 agendi,
722 2609 859 2642 faciendi
895 2615 925 2642 et
948 2620 1020 2643 exe-

64 2621 201 2649 sequendam.

263 2659 396 2703 quendi,
419 2659 496 2704 ipsis
515 2659 751 2694 venerabilibus
771 2658 935 2700 fratribus,
957 2670 1022 2693 una

1072 373 1195 406 dictum
1216 379 1274 414 est,
1307 374 1436 417 plenam
1458 379 1488 406 et
1516 372 1651 405 liberam
1686 373 1828 406 auctori-

1070 432 1133 459 tate
1155 427 1331 470 apostolica
1350 427 1464 460 damus
1503 431 1599 469 atque
1620 426 1829 460 concedimus

1072 486 1275 524 potestatem.
1308 481 1399 519 Quod
1432 480 1457 514 si
1494 480 1549 524 qui
1596 481 1644 513 vel
1681 480 1828 524 ipsorum
1852 496 2028 518 permissffocon.

1070 534 1207 567 fratrum
1222 534 1490 568 Conventualium
1506 535 1555 568 vel
1570 534 1710 567 aliorum
1735 534 1827 567 Ordi-
1843 528 2029 586 {jssfflghbffijj

1070 598 1148 619 num
1169 588 1410 631 praedictorum
1432 588 1471 621 ad
1491 588 1591 620 alium
1612 587 1764 621 Ordinem
1780 598 1828 620 re·
1843 590 2027 641 ξ’ᾗῇιῡῗέΐῖῖιῗξξὲ

1069 640 1190 683 gularis
1205 641 1432 674 Observantiae
1452 640 1619 674 transferri
1639 641 1825 681 maluerint,
1843 634 1906 672 alium
1928 652 2027 673 ominem

1068 693 1098 725 id
1132 693 1179 726 eis
1211 694 1355 737 permitti
1382 694 1550 735 volumus,
1582 695 1760 728 dummodo
1789 695 1829 728 ad
1843 683 2007 704 ⁰b⁵⁸¹‘³¹¹¹⁵³⁰'

1068 746 1222 789 Regulam
1245 753 1407 781 transcant
1446 748 1631 781 arctiorem.
1664 748 1708 781 De
1735 747 1839 782 bonis
1869 762 1925 784 nona
1942 763 2028 790 praera-

1068 805 1176 832 autem
1210 800 1355 844 ipsorum
1391 801 1527 834 fratrum
1558 797 1911 834 Conventualiun1¹⁰‘¹¹¹¹¹
1940 794 2027 815 ¹¹³¹¹¹¹¹¹¹

1856 826 1945 847 uomodo
1976 832 2026 847 ero-

1068 853 1245 886 mobilibus
1262 860 1290 886 et
1315 854 1550 893 immobilibus,
1573 860 1605 888 et
1620 855 1659 887 de
1676 855 1828 888 omnibus
1842 832 1909 881 ζωὴ
1924 859 1945 877 ⁹¹
1956 857 1980 877 ⁶⁰
1992 862 2028 878 ¹2-

1068 907 1255 939 huiusmodi
1278 913 1495 940 conventuum
1521 908 1715 949 redditibus,
1741 909 1828 953 ipsos
1841 887 2028 946 {iisi'esniffiuig'eriiss

1067 960 1266 993 venerabiles
1290 961 1404 993 tratres
1433 965 1572 1001 nostros,
1594 961 1634 993 ad
1654 972 1736 1005 quos
1756 973 1829 1005 per·
1841 950 1888 971 ‘¹⁰¹²'
1905 954 1972 972 ΕΜ·

1068 1013 1191 1053 tinebit,
1209 1013 1251 1046 ita
1260 1013 1298 1046 de
1319 1013 1454 1047 consilio
1469 1013 1676 1057 provincialis
1695 1020 1725 1048 et
1749 1015 1827 1048 socii

1068 1066 1137 1099 eius
1158 1067 1217 1099 sibi
1237 1067 1455 1100 assistentium
1486 1067 1658 1110 disponere
1677 1069 1828 1102 volumus

1067 1125 1103 1153 ut
1128 1120 1282 1154 fratribus
1311 1121 1471 1164 regularis
1496 1121 1722 1155 Observantiae
1750 1122 1828 1156 illuc

1068 1173 1313 1207 introducendis
1334 1174 1372 1207 de
1393 1174 1588 1218 supellectili
1613 1181 1644 1208 et
1672 1174 1742 1208 aliis
1775 1186 1827 1209 re-

1066 1227 1127 1259 bus
1142 1226 1239 1260 victui
1255 1237 1370 1260 eorum
1391 1232 1447 1260 aut
1467 1227 1573 1260 divino
1591 1228 1706 1268 cultui,
1729 1235 1761 1262 et
1779 1239 1828 1261 re-

1067 1279 1227 1324 parfflioni
1240 1281 1454 1314 ecclesiarum
1472 1292 1508 1314 ac
1534 1281 1692 1314 domuum
1713 1292 1827 1315 neces-

1067 1333 1159 1367 sariis
1170 1345 1230 1378 per
1249 1345 1304 1367 eos
1321 1334 1540 1378 provideatur.
1555 1335 1642 1374 Quae
1656 1346 1732 1368 vero
1742 1336 1828 1368 ultra

1066 1387 1255 1421 huiusmodi
1280 1394 1429 1431 sumptus
1455 1388 1692 1432 superfuerint,
1713 1399 1751 1421 ea
1761 1388 1826 1421 sin-

1065 1442 1150 1485 gulis
1175 1442 1207 1474 in
1227 1441 1306 1476 locis
1326 1442 1413 1487 apud
1435 1442 1569 1476 idoneas
1595 1453 1751 1486 personas
1774 1443 1828 1476 de-

1066 1495 1142 1539 poni
1166 1496 1316 1529 volumus
1341 1502 1371 1529 ct
1391 1496 1569 1540 sequestari
1594 1496 1732 1530 fideliter
1752 1507 1827 1530 con-

1065 1549 1236 1589 servanda,
1268 1561 1304 1582 ac
1332 1556 1449 1594 postea⁴
1468 1550 1582 1584 Sedem
1607 1551 1826 1594 Apostolicam

1065 1605 1204 1645 consuli,
1218 1604 1251 1637 in
1269 1615 1350 1648 quos
1366 1615 1444 1638 usus
1464 1616 1501 1638 ea
1517 1605 1659 1638 converti
1675 1605 1824 1645 debeant;

1066 1658 1320 1692 contradictores
1341 1664 1370 1692 et
1382 1669 1495 1692 omnes
1509 1658 1565 1702 qui
1581 1659 1659 1703 ipsis
1674 1659 1828 1692 fratribus
1868 1670 1965 1706 Pqenam
1977 1676 2025 1692 con-

1065 1713 1346 1753 Conventualilms,
1360 1713 1398 1746 ad
1414 1713 1655 1757 impediendam
1667 1714 1828 1748 reductio·
1842 1702 1978 1723 ¹¹⁰⁶¹⁰¹⁰¹⁸⁵'

1064 1778 1138 1800 nem
1156 1767 1359 1807 huiusmodi,
1392 1767 1577 1807 consilium,
1604 1768 1758 1801 auxilium
1780 1770 1827 1802 vel

1064 1822 1204 1855 favorem
1233 1826 1397 1865 praestare.
1421 1821 1490 1854 ausi
1516 1821 1648 1861 fuerint,
1676 1833 1735 1866 per
1755 1834 1827 1856 ecn-

1065 1887 1155 1909 suras
1177 1875 1409 1909 ecclesiasticas
1434 1881 1463 1909 et
1488 1876 1550 1909 alia
1583 1875 1663 1909 iuris
1690 1887 1726 1910 ac
1751 1877 1826 1910 facti

1064 1929 1207 1962 remedia
1233 1935 1428 1973 opportuna,
1453 1929 1669 1973 appellatione
1698 1935 1827 1974 postpo-

1064 1984 1132 2023 sita,
1149 1983 1396 2027 compescendo,
1411 1983 1557 2016 invocato
1575 1983 1684 2024 etiam,
1702 1983 1726 2016 si
1743 1994 1825 2027 opus

1064 2037 1172 2078 fuerit,
1194 2037 1319 2070 brachii
1336 2036 1509 2070 saecularis
1520 2037 1651 2070 auxilio.
1674 2037 1743 2070 Non
1765 2037 1823 2070 ob·
1853 2048 2023 2085 *causati-*eam-

1064 2091 1221 2125 stantibus
1250 2091 1512 2135 quibuscumque
1554 2090 1758 2135 apostolicis,
1793 2097 1823 2125 et
1837 2086 2023 2139 ἷζῗζζῗῗῖρξζξῗ

1064 2145 1148 2178 inter
1163 2151 1285 2179 ceteras
1306 2145 1407 2179 felicis
1428 2144 1661 2178 recordatiouis
1689 2144 1766 2178 sixti
1787 2145 1823 2178 tv
1837 2142 2021 2195 Lifeffffgffflss‘*

1065 2204 1094 2232 ct
1115 2199 1229 2232 Leonis
1249 2199 1286 2240 X,
1305 2199 1595 2243 praedecessorum
1620 2204 1819 2239 nostrorum,

1064 2252 1160 2285 etiam
1176 2253 1267 2285 Marc
1286 2253 1443 2296 Mafmum
1466 2251 1647 2296 appellatis;
1663 2262 1699 2284 ac
1720 2251 1753 2284 in
1772 2262 1824 2295 ge-

1064 2306 1241 2347 neralibus,
1270 2305 1522 2350 provincialibus
1550 2305 1823 2350 synodalibusque

1065 2359 1199 2393 concilis
1215 2359 1317 2400 editis,
1328 2359 1533 2403 generalibus
1548 2359 1597 2391 vel
1613 2358 1820 2401 specialibus,

1065 2413 1349 2447 constitutionibus
1361 2419 1391 2446 et
1402 2411 1673 2452 ordinationibus,
1684 2411 1823 2445 statutis-

1065 2474 1128 2507 que
1145 2468 1173 2496 et
1189 2462 1477 2496 consuetudinibus
1493 2462 1638 2505 ipsorum
1649 2461 1819 2502 Ordinum,

1064 2512 1158 2545 etiam
1174 2512 1369 2552 iuramento,
1381 2509 1628 2544 confirmatione
1644 2511 1821 2554 apostolica

1064 2561 1111 2594 vel
1128 2561 1238 2604 quavis
1258 2561 1411 2594 tirniitate
1432 2560 1493 2593 alia
1508 2559 1681 2599 roboratis3
1696 2559 1822 2603 privile-

1063 2610 1123 2653 giis
1143 2621 1288 2654 quoque,
1307 2609 1441 2643 indultis
1457 2614 1488 2642 et
1503 2609 1606 2642 literis
1621 2607 1817 2652 apostolicis,

1063 2659 1155 2693 dictis
1175 2659 1360 2700 Ordinibus,
1382 2669 1510 2693 necnon
1532 2668 1646 2693 eorum
1671 2658 1819 2703 superio-
