2237 3100
210 225 261 251 An.
282 225 310 251 C.
326 224 392 251 1565

233 1090 255 1109 Et
278 1090 393 1115 professio-

206 1127 253 1141 neni
270 1120 360 1147 Regutiie
371 1121 391 1141 S.

206 1153 324 1178 Angustum

256 1571 393 1591 Donationem

209 1602 304 1623 federici
326 1604 394 1629 impe-

209 1636 286 1654 ratuni<

210 1668 243 1687 bai
250 1669 272 1689 ;i;

317 1641 326 1653 :¹
331 1642 341 1661 p
346 1642 355 1661 p
360 1642 367 1654 ι’
371 1641 394 1655 0—

240 2270 356 2290 molestam
372 2270 396 2289 de

213 2301 292 2321 Galhiis
305 2307 397 2321 conces-

452 212 516 247 338

1002 218 1183 242 BULLARIUM
1202 217 1355 242 ROMANUM

408 276 557 310 discretio
596 277 633 309 ad
677 287 790 309 eorum
825 274 1058 308 correctionem
1094 271 1346 327 non'cnpatis,
1370 272 1499 316 suisque
1526 274 1678 316 magistro
1712 278 1742 306 et,
1775 271 1951 311 fratribus,

409 330 567 363 sufficeret
588 357 594 369 ‚
628 329 825 373 providentia
863 332 941 360 esset
977 327 1157 359 dioecesam

408 383 551 427 episcopi
568 382 760 421 adhibenda⁷
779 382 839 414 nisi
857 390 1006 413 excessus
1021 378 1159 411 difficilis

408 438 489 470 soret
521 442 548 470 et
585 436 746 475 enormis,
767 440 901 479 propter
927 444 1023 477 quem
1045 432 1158 465 merito

408 496 486 524 esset
522 491 559 523 ad
593 491 768 522 Romanam
800 487 973 521 Ecclesiam
1009 497 1159 519 recursus

407 544 586 580 habendus,
606 548 757 575 statutum
783 541 968 574 huiusmodi
994 541 1033 573 ad
1063 539 1159 583 magi-

408 603 508 630 strum
543 602 571 628 et
603 598 714 628 t'ratres
752 595 918 638 hospitalis
956 595 1158 637 leprosorum

409 651 513 684 Sancti
554 650 659 682 Lazari
693 649 971 692 Hierosolymitani
991 676 997 685 ,
1034 648 1160 680 (lrtlinis

408 704 513 737 Sancti
544 702 724 746 Augustini,
747 703 879 735 duxerat
901 702 1158 739 extendendum3

409 757 577 790 statuendo
599 762 630 789 ut
653 756 684 788 in
705 756 758 788 tali
780 767 854 788 easu
872 756 944 798 (nisi
962 755 1064 788 maior
1080 760 1161 787 esset

408 810 607 854 providentia
623 810 828 853 requirenda)
850 821 906 853 per:
926 809 1051 853 priores
1076 820 1159 848 suos,

407 865 461 908 qui
492 864 597 907 (sicut.
617 864 796 907 audiverat)
819 862 992 907 presbyteri
1013 874 1080 895 esse
1102 874 1159 894 uo-

407 918 591 957 sccbantur,
615 918 766 950 fratribus
797 915 1008 950 absolutionis
1042 916 1162 948 benesi-

409 971 494 1003 cium
517 970 770 1014 impenderetur.

452 1023 516 1067 §T
548 1024 585 1056 Ei.
605 1034 662 1066 per
682 1023 759 1055 alias
789 1033 862 1055 suas
890 1023 1044 1061 Reaulam
1076 1022 1160 1054 Beati

408 1076 594 1119 Augustini,
612 1087 709 1120 quam
731 1076 825 1109 iidem
858 1076 970 1108 tratres
991 1086 1022 1108 se
1042 1086 1163 1107 assere-

408 1130 484 1162 bant
505 1131 664 1173 professos
685 1140 765 1166 esse,
793 1129 872 1161 sieut
910 1129 995 1161 illam
1031 1133 1163 1160 eatenus

409 1188 619 1220 servaverant,
631 1182 764 1220 casdem,
778 1182 860 1215 dicta
872 1181 1073 1219 auctoritato,
1088 1192 1163 1214 con-

410 1238 591 1270 firmaverat
624 1241 718 1279 atque
755 1236 1021 1272 communiverat,
1050 1235 1161 1267 eadem

409 1291 598 1323 auctoritate
620 1290 834 1322 nibilominus
855 1288 1022 1321 statuendo
1045 1294 1078 1320 ut
1102 1289 1161 1321 Re-

408 1345 481 1387 gula
518 1343 584 1386 ipsa
610 1343 649 1375 ab
671 1343 791 1375 eisdem
813 1341 964 1374 fratribus
984 1348 1011 1374 et
1034 1353 1162 1374 sucees-

409 1397 538 1430 soribus
558 1397 645 1432 suis.
674 1396 837 1439 perpetuis
867 1395 983 1428 futuris
1009 1395 1162 1438 tempori-

409 1452 480 1491 bus,
504 1451 738 1484 observaretur.

453 1506 468 1548 ξ
488 1504 518 1538 8.
543 1504 577 1536 Et
599 1515 657 1548 per
677 1504 754 1536 alias
771 1514 855 1538 suas,
869 1501 1074 1535 ‹jlonationem
1088 1501 1164 1535 alias

411 1559 525 1592 saetam
565 1558 716 1600 magistro
750 1562 780 1589 et
814 1556 966 1589 fratribus
998 1555 1164 1598 hospitalis

410 1613 613 1656 leprosorum
627 1610 733 1644 Sancti
746 1610 851 1643 Lazari
869 1609 1161 1653 Hierosolymitani,

411 1665 538 1699 Ordinis
558 1664 664 1697 Sancti
686 1663 868 1705 Augustini,
891 1674 906 1695 a
927 1663 1080 1695 Federieo
1101 1663 1163 1696 no-

412 1729 582 1751 manorum
606 1719 810 1762 imperatore,
834 1723 906 1749 ante
928 1717 1022 1749 latam
1042 1717 1072 1748 in
1090 1728 1163 1749 eum

410 1772 619 1816 depositionis
640 1771 828 1804 senteutiam
844 1798 851 1811 ‚
874 1771 1071 1803 diversarum
1106 1776 1165 1803 ter-

411 1838 541 1865 rarum,
565 1825 803 1869 possessionum
841 1836 875 1856 ae
911 1824 1095 1856 startiarum
1126 1825 1164 1856 de

411 1895 469 1916 suo
490 1882 634 1915 dominio
656 1881 859 1914 existentium
884 1881 914 1912 in
935 1881 1056 1918 Sicilia,
1078 1880 1166 1913 Cala-

409 1937 491 1973 bria,
506 1936 703 1978 Vallegratis,
722 1926 836 1977 Xpnlia
858 1940 888 1966 et
908 1935 1005 1967 Terra
1026 1935 1164 1970 Laboris,

412 2002 486 2023 cum
513 1990 643 2022 diversis
669 1988 885 2021 saecularium
907 1988 1108 2020 exactionum
1131 2000 1164 2021 e-

410 2044 670 2087 xemptionibus,
694 2050 794 2076 ratam
821 2049 852 2075 et
872 2042 999 2074 firmam
1020 2042 1163 2079 liabens,

412 2111 494 2138 eam,
508 2099 698 2132 auctoritate
719 2097 906 2141 apostolica,
921 2098 1167 2129 confirmaverat

412 2160 507 2198 atque
528 2153 792 2187 cormminirerat.

457 2211 471 2251 ξ
491 2208 521 2240 9.
555 2208 598 2239 Ac
623 2207 726 2239 eidem
748 2205 910 2248 hospitali,
934 2204 964 2236 in
986 2216 1050 2246 qno
1071 2204 1164 2245 <Sicut

413 2262 602 2305 acceperat)
626 2265 802 2293 conventus
823 2259 939 2291 nobilis
959 2265 1164 2291 strenuorum

414 2316 551 2350 militum
575 2321 603 2347 et
626 2315 763 2347 aliorum
779 2318 871 2353 „tam
894 2323 1047 2345 sanorum
1069 2324 1165 2356 quam

413 2371 615 2413 leprosorum
635 2395 642 2408 ,
678 2380 737 2412 pro
776 2366 996 2411 expugnandis
1029 2366 1167 2399 inimicis

414 2419 579 2452 christiani
615 2418 765 2457 nominis,
803 2427 933 2450 manere
964 2416 1105 2449 solebat:
1138 2421 1168 2449 et

413 2469 499 2512 quod
533 2468 571 2500 ad
606 2473 781 2500 extremam
818 2467 884 2499 sere
920 2470 1164 2509 paupertatem,

415 2522 546 2561 propter
566 2527 757 2560 guerrarum
778 2515 974 2553 discrimina,
991 2520 1055 2547 erat
1079 2515 1168 2547 reda-

417 2572 525 2606 ctum⁷
563 2565 817 2610 possessionibus
864 2565 930 2597 suis
960 2576 1017 2607 pro
1054 2575 1168 2606 magna

418 2620 508 2659 parte
530 2626 546 2648 a
567 2614 698 2659 paganis
717 2620 745 2648 et
770 2614 914 2647 hostibus
934 2613 1094 2647 Ecclesiae
1114 2623 1168 2645 oo-

1201 325 1313 357 eadem
1344 327 1553 367 auctoritate>
1574 332 1774 360 concesserat
1799 331 1830 358 nt
1854 325 1955 358 eccle-

1201 380 1278 412 siam
1300 379 1339 411 de
1360 379 1494 417 Galbiis,
1519 379 1750 413 Lincolinensis
1775 378 1931 412 dioecesis
1945 405 1952 418 ,

1203 434 1233 465 in
1262 444 1324 476 qua
1359 432 1598 476 iuspatronatus
1630 433 1737 475 (sicuti
1758 432 1955 474 asserebant>

1202 486 1408 523 obtinebant,
1432 486 1565 519 cedente
1590 487 1638 518 vel
1659 486 1834 519 decedente
1856 485 1956 528 ipsius

1202 545 1343 578 rectore,
1367 550 1426 583 pro
1456 551 1512 572 sua
1546 540 1715 573 relevanda
1741 539 1868 583 inopia,
1891 538 1957 571 suis

1203 593 1313 625 usibus
1334 593 1488 635 deputare
1510 599 1656 637 possent3
1680 593 1721 625 ita
1742 597 1849 625 tamen
1869 591 1956 635 quod

1205 652 1360 690 perpetuo
1381 646 1499 679 vicario
1520 647 1551 679 in
1572 658 1608 679 ea
1628 646 1784 679 servituro
1801 646 1839 678 de
1856 645 1958 689 ipsius

1204 700 1412 743 s›i'‹weiitilnis
1447 699 1552 744 portio
1591 705 1798 743 competens,
1822 710 1858 731 ex
1893 709 1957 741 qua

1203 764 1345 796 congrue
1373 758 1617 793 sustentaretur,
1646 759 1672 786 et
1706 752 1901 797 episcopalia
1922 763 1957 784 ae

1203 806 1262 839 alia
1283 807 1382 849 ipsius
1400 807 1552 839 ecclesiae
1564 817 1661 839 onera
1673 810 1955 850 supportarentur,

1204 860 1433 902 assignaretur,
1460 859 1641 893 dioecesani
1667 859 1809 903 episcopi
1835 859 1904 892 iure
1925 858 1957 891 in

1204 913 1355 945 omnibus
1375 914 1471 946 salvo.

1248 969 1262 1009 ,ξ
1290 967 1336 999 to.
1374 967 1407 999 Et
1433 967 1592 1005 similiter,
1617 977 1673 1010 per
1693 966 1770 999 alias
1795 977 1868 999 suas
1889 976 1957 998 ma—

1204 1020 1301 1063 gistro
1323 1026 1350 1052 et
1375 1021 1525 1052 fratribus
1550 1019 1746 1059 huiusmodi,
1767 1030 1878 1052 eorum
1900 1030 1957 1052 ne-

1205 1074 1385 1107 cessitatem
1419 1079 1554 1117 paterno
1591 1073 1790 1117 compatiens
1814 1074 1930 1105 atl'ectu
1949 1100 1956 1113 ‚

1205 1128 1395 1160 auctoritate
1421 1128 1603 1170 praedicta,
1627 1128 1759 1160 duxerat
1781 1127 1960 1159 conceden-

1205 1181 1281 1213 dum
1313 1186 1347 1213 ut
1371 1181 1409 1213 de
1432 1181 1558 1217 usuris,
1584 1181 1704 1224 rapinis
1739 1185 1769 1213 et
1789 1180 1859 1212 aliis
1880 1180 1962 1213 male

1205 1234 1384 1277 acquisitis,
1405 1234 1582 1267 dummodo
1618 1234 1680 1271 ttli,
1705 1234 1825 1278 quibus
1849 1244 1962 1266 eorum

1206 1288 1365 1320 restitutio
1397 1287 1464 1321 tieri
1500 1288 1650 1328 deberet,
1674 1287 1807 1320 omnino
1828 1286 1962 1320 inveniri

1206 1347 1233 1374 et
1273 1341 1347 1373 sciri
1382 1352 1445 1373 non
1484 1346 1631 1384 possent,
1668 1351 1794 1373 necnon
1833 1340 1871 1372 de
1910 1351 1962 1373 re-

1206 1394 1445 1438 demptionibus
1470 1401 1638 1431 votorum,
1662 1394 1851 1427 auctoritate
1873 1394 1962 1427 dioe-

1207 1458 1398 1480 cesanorum
1425 1448 1515 1491 prius
1548 1448 1639 1480 factis
1659 1446 1962 1491 (Hierosolymitano

1206 1502 1370 1534 dumtaxat
1404 1502 1562 1545 excepto),
1590 1513 1691 1546 usque
1711 1502 1768 1534 *ad
1802 1511 1961 1534 summam

1207 1556 1421 1588 ducentarum
1444 1557 1649 1589 marcharum
1667 1556 1790 1598 argenti
1817 1556 1962 1600 recipere

1206 1610 1360 1649 valerent,
1379 1609 1403 1641 si
1422 1620 1479 1652 pro
1501 1608 1656 1642 similium
1677 1609 1865 1652 receptione
1886 1608 1963 1642 alias

1207 1674 1271 1696 uon
1307 1669 1413 1695 esseut
1446 1664 1484 1695 ab
1520 1663 1588 1707 ipso
1609 1663 1797 1696 huiusmodi
1826 1663 1961 1705 gratiam

1207 1717 1393 1750 eonsecuti:
1424 1717 1463 1749 ita
1499 1717 1604 1760 quod,
1626 1718 1649 1749 si
1685 1717 1805 1759 aliquid
1828 1717 1866 1749 de
1887 1717 1964 1760 ipsis

1208 1771 1354 1803 ducentis
1375 1771 1513 1803 mai-eliis
1531 1772 1726 1804 dimisissent
1740 1772 1787 1803 vel
1809 1770 1963 1803 restituis-

1208 1830 1277 1857 sent
1301 1826 1348 1856 rel
1376 1825 1532 1857 dedissent
1570 1825 1632 1857 illis
1656 1836 1673 1857 a
1698 1825 1816 1868 quibus
1836 1835 1890 1856 eas
1909 1834 1962 1857 ac-

1209 1879 1379 1922 cepissent,
1403 1878 1587 1911 liuiusmfidi
1613 1879 1780 1911 dimissum
1801 1878 1849 1910 vel
1872 1877 1962 1910 resti-

1209 1939 1312 1966 tutum
1339 1944 1394 1965 seu
1436 1933 1544 1965 datum
1576 1933 1653 1965 nihil
1680 1933 1718 1964 ad
1739 1931 1962 1965 liberationem

1208 1998 1320 2020 eorum
1343 1987 1516 2030 prodesset,
1538 1998 1608 2023 nec,
1632 1992 1789 2030 quantum
1811 1985 1848 2018 ad
1870 1984 1960 2025 illud,

1210 2042 1406 2074 tialjiereutur
1425 2041 1628 2084 aliquatenus
1648 2040 1795 2072 absoluti.

1253 2096 1267 2137 ξ
1293 2096 1340 2127 ll.
1379 2095 1414 2126 Et
1437 2106 1511 2127 cum
1533 2095 1569 2127 ad
1592 2095 1662 2127 eius
1682 2094 1828 2126 notitiam
1849 2103 1960 2135 perve-

1209 2150 1304 2181 nisset
1327 2149 1413 2192 quod
1450 2149 1481 2180 in
1506 2148 1670 2181 nonnullis
1691 2147 1848 2190 religiosis
1868 2151 1899 2179 et
1919 2147 1961 2178 le-

1211 2214 1380 2247 prosorum
1402 2203 1553 2235 domibus
1574 2202 1605 2234 in
1625 2200 1771 2233 districtu
1794 2200 1882 2242 regni
1902 2199 1961 2232 Na-

1208 2267 1338 2293 varrae,
1359 2256 1550 2299 Campaniae
1576 2260 1605 2288 et
1631 2255 1737 2295 Briae‚
1760 2253 1884 2287 comitis
1904 2253 1961 2285 Pa-

1209 2310 1581 2350 latini,consistentibus,
1610 2310 1756 2341 locorum
1778 2307 1959 2340 dioecesani

1211 2369 1351 2397 rectores
1371 2375 1426 2396 seu
1448 2363 1723 2396 administratores
1742 2362 1780 2394 de
1800 2371 1881 2394 novo
1902 2371 1959 2404 po—

1210 2425 1286 2447 nere
1308 2425 1361 2447 sen
1384 2413 1550 2446 instituere
1562 2410 1809 2456 praesumebant
1824 2420 1882 2453 pro
1894 2421 1960 2443 sua¹

1210 2464 1300 2496 libito
1321 2463 1508 2502 voluntatis,
1530 2463 1561 2495 in
1582 2461 1768 2495 earumdem
1788 2460 1959 2492 domorum

1211 2525 1274 2545 uon
1292 2513 1453 2546 modicum
1472 2511 1706 2556 praeiudicium
1727 2516 1756 2541 et
1775 2519 1958 2551 gravamen,

1211 2568 1322 2595 eontra
1343 2562 1526 2604 antiquam,
1549 2560 1758 2604 approbatam
1780 2563 1810 2591 et
1829 2564 1961 2591 eatenus

1214 2611 1348 2654 pacifice
1368 2612 1566 2644 observatam
1596 2609 1628 2642 in
1652 2607 1768 2641 talibus
1788 2612 1960 2641 eonsuetu-

1967 215 2016 242 An.
2037 215 2066 242 C.
2084 214 2151 243 ¹565

2031 979 2158 1000 facultatem

1974 1012 2114 1037 componendi
2133 1011 2158 1030 de

1973 1043 2042 1063 usuris
2066 1045 2103 1062 etc.
2120 1043 2159 1062 tri-

1974 1077 2026 1100 tiuit3

2018 2108 2166 2130 Dioecesanos

1976 2146 2016 2160 non
2039 2146 2102 2167 posse
2125 2146 2164 2166 po—

1976 2176 2026 2191 nere
2065 2175 2163 2192 rectos-es

1975 2203 1995 2222 in
2011 2202 2107 2223 domibus
2128 2203 2163 2223 lio>

1975 2233 2056 2260 spitalis
2067 2234 2164 2254 declara-
