2237 3100
237 201 287 228 An.
305 202 332 229 C.
353 200 419 229 1569

280 1068 368 1089 Maxime
394 1067 419 1088 eb

239 1102 284 1121 eius
320 1100 422 1126 obsequia

239 1131 336 1152 Romanis
365 1130 422 1151 Pon—

239 1164 329 1184 tificibus
357 1167 421 1189 prae-

239 1195 294 1215 stit-1.

272 2143 329 2170 Qut-e
346 2143 428 2167 sisnan-

248 2178 279 2195 tet·
289 2175 377 2195 Cosmus
388 2173 429 2194 Me-

247 2207 304 2227 dices
320 2208 427 2233 praestare

246 2238 323 2258 studuit
339 2241 360 2258 ct
380 2243 429 2264 1³1·ae-

249 2270 310 2294 stum

480 190 544 224 764

435 256 552 289 decore
574 261 602 288 et
624 252 825 297 antiquitatis
860 251 991 284 nomine
1012 262 1028 283 a
1050 251 1182 283 maiori-

436 310 495 342 bus
516 309 695 347 celebrata,
718 306 809 339 cuius
836 305 973 337 maxima
1002 315 1074 347 pars
1100 315 1183 347 quac

437 364 529 397 nobis
550 369 577 396 et
600 362 660 406 ipsi
696 359 896 404 Apostolieae
931 358 1005 392 Scdi
1039 358 1183 392 subiecta

436 428 501 450 non
519 423 577 456 est,
597 416 636 448 ab
653 413 804 447 omnibus
821 413 887 445 fere
898 412 1054 445 lateribus
1068 412 1182 446 ditioni

435 475 562 503 nostrae
584 466 816 501 ecclesiasticae
852 465 1054 498 contermina
1088 471 1184 509 atque

436 523 607 557 coniuncta
628 520 744 561 existit,
768 519 861 553 nobis
882 519 1056 563 praecipue
1070 530 1183 553 occur-

436 578 489 616 rit,
512 586 608 619 quam
631 574 756 607 divinae
776 574 919 617 primum
940 574 1094 607 bonitatis
1113 584 1186 617 gra-

436 631 492 669 tia,
515 628 801 671 sollicitudineque
822 638 859 660 ac·
877 627 1042 670 vigilantia
1061 634 1181 667 nostra,

435 684 552 717 deinde
588 681 853 726 praestantissimi
886 692 923 714 ac
947 681 1184 725 religiosissimi

436 738 503 770 eius
524 736 680 781 principis
696 736 822 775 virtute,
841 735 989 775 consilio,
1005 735 1182 778 diligentia,

436 802 513 835 prae
534 790 669 823 caeteris
687 790 840 822 intactam
853 795 880 822 et
894 789 1128 832 incorruptam,
1146 789 1185 821 ab

435 844 691 887 huiusmot‘liquc
711 842 893 887 perniciosa
915 843 986 875 labe
1013 849 1041 875 ct
1078 848 1186 876 conta-

436 899 531 942 gione
567 904 686 931 sartam
722 903 839 930 tectam
873 902 1093 930 conservatam
1118 907 1186 929 esse

436 952 666 996 conspicimus.

480 1006 494 1049 ξ
513 1004 544 1038 9,.
568 1005 638 1038 Huc
659 1004 795 1044 accedit,
832 1004 920 1047 quod
941 1004 1085 1047 profecto
1122 1014 1188 1036 ma-

436 1069 579 1102 gnopere
601 1068 659 1091 nos
679 1063 795 1098 movet,
819 1057 934 1090 Sedent
955 1057 1184 1100 Apostolicam‚

437 1123 511 1145 cum
528 1112 569 1145 ob
588 1111 729 1155 regionis
746 1110 955 1151 vicinitatem,
976 1116 1044 1143 tum
1055 1116 1188 1154 propujr

437 1166 498 1200 loci
520 1165 810 1210 opportunitatei‘n,
833 1164 1015 1207 gratissima
1043 1166 1186 1208 plerum-

439 1230 503 1263 que
533 1219 688 1262 obsequia
724 1224 820 1261 atque
860 1218 956 1250 etiam
989 1220 1159 1252 commoda
1178 1247 1185 1260 ,

437 1272 689 1306 subministratis
707 1271 897 1304 abEtruscis
917 1272 1055 1312 auxiliis,
1075 1284 1091 1305 a
1109 1274 1189 1305 mul-

440 1327 480 1360 tis
502 1327 566 1360 iam
587 1332 660 1360 ante
695 1325 832 1359 saeculis
868 1326 1026 1369 recepisse
1046 1353 1053 1367 ,
1090 1327 1188 1370 idque

439 1382 624 1425 complures
644 1381 806 1414 Romanos
815 1380 986 1413 Pontifices
998 1382 1188 1424 praedeces-

439 1446 526 1469 sores
548 1441 686 1477 nostros,
706 1441 733 1468 et
754 1434 944 1478 praesertim
962 1434 1062 1467 felicis
1080 1446 1189 1468 recor-

439 1489 578 1523 dationis
598 1489 822 1522 Innocentium
844 1495 1014 1532 quartum,
1042 1489 1189 1522 Clemen-

441 1550 505 1577 tem
518 1543 615 1576 etiam
624 1549 789 1586 quartum,
809 1542 999 1587 Gregorium
1013 1543 1188 1584 decimum,

441 1597 653 1631 Benedictum
670 1596 893 1637 undecimum,
913 1596 1085 1630 Martinum
1098 1597 1190 1641 quin-

443 1658 511 1684 tum
532 1657 562 1684 et
581 1651 721 1685 Leonem
742 1651 904 1684 decinmm
925 1652 1106 1685 luculenter
1144 1658 1190 1685 te-

442 1710 540 1738 statos
560 1704 655 1737 fuisse
673 1731 681 1745 ,
702 1705 781 1738 adeo
803 1711 837 1738 ut
857 1711 921 1738 tam
943 1705 1089 1738 eamdem
1115 1716 1191 1749 pro-

442 1759 591 1798 vinciam,
601 1769 697 1801 quam
710 1758 777 1791 eius
788 1765 929 1792 rectores
937 1765 965 1791 et
977 1759 1190 1802 magistratus,

442 1813 484 1845 ob
518 1812 718 1856 peculiarem
754 1823 867 1845 eorum
903 1824 978 1857 crgo
1014 1814 1191 1846 Romanam

442 1866 617 1899 Ecclesiam
653 1865 855 1899 devotionem
877 1872 905 1899 et
927 1866 1162 1899 observantiam
1182 1894 1189 1908 ,

442 1931 604 1964 propenso
624 1925 825 1964 paternoque
847 1920 978 1961 affeetu,
999 1921 1094 1953 variis
1123 1932 1192 1964 gra-

443 1973 494 2006 tiis
510 2000 518 2014 ‚
544 1973 722 2007 honoribus
743 1984 779 2007 ac
799 1974 972 2017 privilegiis
998 1974 1067 2007 iure
1093 1975 1191 2007 coho-

442 2028 615 2061 nestandos
636 2033 731 2071 atque
752 2028 914 2061 ornandos
935 2039 1003 2061 esse
1028 2029 1189 2063 duxerint.

486 2080 551 2125 {3-
579 2080 702 2120 Quibus
735 2081 831 2114 rebus
859 2081 967 2114 debita
986 2082 1192 2118 meditatione

443 2140 569 2168 mature
597 2135 818 2176 consideratis,
841 2136 1038 2170 attendentes
1062 2149 1192 2182 quoquc.

444 2189 476 2222 in
496 2189 610 2233 primis
630 2189 717 2232 quod
744 2189 881 2223 dilectus
902 2189 988 2223 tilius
1009 2192 1127 2225 nobilis
1146 2193 1194 2225 vir

444 2242 577 2275 Cosmus
597 2241 742 2282 Medic-es,
767 2242 966 2287 reipublicae
991 2244 1193 2279 Florentinae

445 2296 520 2337 dux,
542 2296 697 2329 maiorem
718 2295 751 2328 in
771 2296 838 2329 dies
868 2307 943 2329 suae
977 2298 1112 2331 eximiae
1130 2299 1192 2332 vir-

445 2349 520 2382 tutis
539 2350 757 2393 splendorem,
776 2350 1066 2395 ferventioremque
1083 2354 1193 2387 catho-

444 2398 524 2431 licae
558 2399 722 2442 religionis
756 2400 891 2441 cultum,
928 2405 957 2433 ct
992 2401 1024 2433 in
1056 2402 1193 2436 admini-

445 2448 573 2480 stranda
593 2447 711 2482 iustitia
744 2450 943 2494 praecellens
976 2450 1130 2492 studium,
1158 2463 1194 2486 ex

447 2506 484 2529 eo
495 2502 640 2540 tempore
659 2508 722 2541 quo
739 2498 900 2543 imperare
917 2499 1023 2544 coepit
1034 2510 1194 2543 nusquam

446 2546 726 2589 praetermissum,
747 2548 951 2582 laudabiliter
970 2559 1047 2593 prae
1063 2559 1095 2582 se
1112 2549 1195 2583 ferre

447 2605 512 2629 non
532 2600 642 2629 cessat.
666 2596 766 2639 Quod,
781 2598 932 2634 omnibus
958 2598 991 2632 in
1020 2598 1195 2634 occasioni-

1028 199 1206 224 BULLARIUM
1229 198 1378 223 ROMANUM

1223 251 1295 291 bus,
1317 250 1410 283 nobis
1428 261 1465 284 ae
1485 252 1787 295 praedecessoribus
1805 251 1923 286 nostris
1943 257 1974 285 et

1223 304 1424 348 Apostolicae
1436 305 1509 338 Scdi
1527 312 1677 350 prompto
1688 317 1725 340 ac
1739 306 1850 340 libenti
1865 305 1973 339 animo

1225 357 1359 400 obsequi
1383 368 1510 402 semper
1534 359 1705 392 studuerit.
1731 359 1823 399 Quod
1854 369 1913 392 nos
1944 364 1975 392 et

1226 411 1372 445 eamdem
1393 411 1521 453 Sedent,
1544 412 1582 445 ab
1602 413 1672 456 ipso
1688 413 1788 446 nostri
1807 412 1974 456 pontifica-

1225 470 1276 498 tus
1300 465 1400 506 initio,
1422 466 1609 500 continuato
1634 467 1759 500 debitae
1779 466 1975 500 reverentiae

1225 519 1349 553 honore
1369 519 1516 561 coluerit,
1544 521 1704 554 mandatis
1736 520 1852 553 nostris
1885 519 1976 553 filiali

1226 573 1408 606 obedientia
1437 573 1592 616 paruerit,
1615 573 1758 608 honestis
1781 573 1898 607 nostris
1921 583 1977 617 pe-

1226 626 1392 660 titionibus
1416 628 1705 672 obsequentissime
1725 638 1850 661 morem
1869 637 1976 671 gesse·

1227 680 1278 713 rit.
1298 680 1388 720 Quod
1400 692 1417 714 a
1433 681 1525 714 nobis
1545 681 1729 725 requisitus,
1744 687 1858 725 coepta
1869 686 1978 714 nostra

1227 734 1390 778 pecuniis,
1415 735 1558 779 peditatu
1592 735 1803 780 equitatuque
1827 735 1978 768 alacriter

1228 788 1363 829 iuverit,
1387 788 1575 832 praesertim
1607 800 1666 833 pro
1699 789 1833 823 ferendo
1858 788 1977 822 auxilio

1228 842 1392 875 carissimo
1414 843 1446 876 in
1466 843 1591 877 Christo
1624 843 1691 876 filio
1724 848 1834 877 nostro
1863 843 1977 877 Carolo

1227 896 1426 929 Francorum
1447 897 1514 940 regi
1541 897 1805 931 christianissimo
1826 897 1979 931 adversus

1228 950 1296 983 eius
1316 950 1451 984 rebelles
1470 956 1501 984 et
1519 951 1710 992 haereticos,
1733 957 1863 985 centum
1883 950 1978 984 etiam

1229 1014 1403 1037 aureorum
1428 1004 1542 1045 millia,
1573 1005 1658 1038 ultra
1678 1004 1752 1045 alia,
1769 1004 1815 1038 illi
1830 1009 1980 1038 mutuan-

1229 1059 1281 1098 do,
1303 1059 1431 1092 hortatu
1460 1064 1569 1092 nostro
1590 1059 1622 1092 id
1650 1059 1771 1092 fecerit.
1803 1058 1894 1098 Quod
1913 1069 1979 1092 ma-

1229 1112 1307 1152 iora,
1337 1112 1361 1144 si
1392 1124 1469 1146 usus
1485 1113 1617 1154 venerit,
1648 1113 1688 1146 ad
1707 1112 1884 1147 catholicae
1903 1111 1980 1146 fidei

1229 1167 1449 1199 defensionem
1475 1172 1505 1200 ct
1524 1167 1761 1200 incrementum
1785 1177 1818 1200 se
1838 1171 1980 1211 praesta-

1230 1226 1340 1253 turum
1356 1221 1441 1254 ultro
1462 1221 1646 1265 pollicetur.

1274 1275 1288 1317 ξ
1308 1274 1340 1307 4.
1367 1274 1458 1313 Quod
1492 1285 1551 1318 pro
1584 1275 1703 1319 inclyta
1727 1274 1797 1308 eius
1821 1274 1855 1307 in
1874 1274 1980 1308 Deum

1230 1327 1347 1372 pietate
1366 1355 1373 1369 ,
1414 1328 1638 1372 superioribus
1674 1328 1767 1361 annis
1784 1355 1791 1369 ,
1831 1328 1980 1362 militiam

1231 1381 1338 1415 Sancti
1359 1382 1531 1426 Stephani,
1567 1382 1606 1415 ad
1639 1387 1765 1415 sanctae
1790 1381 1866 1415 fidei
1899 1382 1983 1415 exal-

1230 1436 1383 1470 tationem
1413 1447 1450 1470 ac
1483 1436 1760 1482 propagationem,
1795 1435 1979 1477 instituerit,

1231 1490 1324 1524 bonis
1344 1490 1487 1524 ditaverit
1506 1497 1536 1524 et
1555 1490 1765 1534 ampliaverit.

1276 1545 1290 1588 ξ
1310 1544 1341 1577 5.
1364 1544 1455 1584 Quod
1474 1545 1642 1578 universae
1672 1555 1773 1588 prope
1797 1543 1983 1588 provinciae

1232 1598 1397 1639 Etruscae,
1419 1598 1691 1642 imperscrutabili
1711 1597 1766 1631 Dei
1787 1597 1920 1638 iudicio,
1943 1597 1982 1631 ad

1233 1663 1378 1694 summae
1415 1651 1578 1696 dignitatis
1611 1656 1801 1695 potestatem
1820 1678 1827 1692 ,
1862 1651 1982 1685 civium

1233 1706 1493 1740 Florentinorum
1527 1716 1659 1739 assensu
1688 1711 1830 1746 vocatus,
1859 1704 1980 1739 felicis-

1233 1760 1312 1794 sime
1332 1760 1451 1804 praesit
1466 1771 1503 1793 ac
1523 1760 1720 1793 dominetur.
1736 1759 1826 1798 Quod
1840 1758 1983 1792 delatum

1234 1814 1292 1847 sibi
1316 1814 1549 1847 admirabiliter
1569 1813 1787 1858 principatum
1810 1812 1984 1846 admirabi-

1234 1868 1296 1902 lius
1315 1874 1403 1911 regat
1423 1873 1452 1901 ct
1468 1868 1664 1908 moderetur,
1682 1867 1841 1911 illumque
1860 1866 1983 1900 incom-

1234 1922 1369 1966 parabili
1390 1921 1559 1966 prudentia
1589 1931 1626 1954 ac
1652 1920 1819 1965 sapientia,
1842 1919 1875 1953 in
1894 1920 1984 1964 pacis

1291 1975 1430 2011 'ustitiae
1450 1975 1662 2015 amoenitate,
1683 1975 1722 2007 ab
1747 1974 1881 2007 ineunte
1913 1974 1983 2007 eius

1233 1984 1336 2064 *e
1351 2057 1359 2072 ,
1381 2029 1623 2073 diligentissime
1656 2028 1820 2063 contineat
1844 2033 1876 2062 et
1908 2038 1984 2062 con-

1235 2090 1346 2118 servet.

1279 2138 1345 2180 ξῦ.
1367 2138 1457 2178 Quod
1491 2143 1576 2172 terra
1608 2137 1756 2181 marique
1790 2141 1984 2182 praepotens

1235 2193 1356 2227 existat.
1374 2193 1465 2233 Quod
1486 2193 1607 2237 piratis,
1628 2191 1828 2232 facinorosis,
1844 2191 1980 2233 sicariis,

1235 2247 1351 2291 quietis
1385 2253 1414 2280 et
1440 2247 1502 2280 ocii
1526 2246 1758 2287 turbatoribus,
1779 2255 1908 2279 necnon
1926 2255 1983 2279 no-

1236 2301 1307 2335 stris
1327 2307 1358 2334 ct
1377 2301 1474 2334 huius
1494 2305 1623 2334 sanctae
1643 2299 1734 2333 Sedis
1758 2299 1934 2333 rebellibus
1953 2304 1985 2333 et

1236 2353 1424 2387 adversariis
1443 2354 1543 2387 hostis
1553 2353 1741 2393 acerrim'us,
1757 2353 1984 2396 scelerumque

1236 2410 1267 2437 et
1285 2403 1477 2437 delictorum
1503 2413 1632 2436 severus
1667 2402 1780 2436 vindex
1813 2401 1863 2435 sit.
1892 2401 1984 2441 Quod

1237 2463 1409 2486 numerosa
1446 2463 1483 2486 ac
1521 2451 1682 2496 frequenti
1719 2450 1917 2495 populorum
1954 2449 1984 2483 ei

1236 2503 1460 2543 subditorum,
1495 2502 1559 2535 Deo
1593 2499 1817 2541 benedicente,
1839 2498 1984 2532 multitu-

1236 2551 1321 2592 dine,
1345 2550 1483 2596 copiosis
1502 2550 1742 2594 grandibusque
1761 2547 1940 2582 redditibus
1954 2553 1986 2582 et

1236 2599 1442 2644 amplissimis
1461 2599 1670 2644 proventibus
1688 2597 1826 2642 gaudeat
1844 2602 1876 2631 et
1899 2597 1985 2632 frua-

1988 200 2035 227 An.
2054 200 2083 228 C.
2103 200 2170 228 ¹569

2007 1291 2111 1313 Militiam.
2126 1291 2152 1312 Sa
2158 1297 2180 1312 n-

1996 1324 2025 1345 eti
2035 1323 2137 1351 Stephani
2146 1323 2181 1344 in-

1996 1356 2074 1382 stituit3

2022 1553 2102 1574 Statum
2122 1558 2180 1574 suum

1997 1585 2076 1612 optime
2091 1585 2153 1611 [θείη

2007 2149 2118 2172 Praeclara
2128 2151 2182 2172 mul-

1999 2185 2020 2203 ta
2034 2185 2142 2210 oper-utun
