2237 3100
1658 274 1717 309 ⁶201
1785 285 1833 310 An.
1853 284 1964 310 01562

1013 351 1084 373 rum
1106 338 1411 375 ecclesiastieorum,
1431 337 1526 370 ctiam
1543 347 1603 381 pro
1625 336 1767 381 pacificis
1816 344 1967 364 1³‹··=e1n·11·r11=11

1763 392 1768 396 .
1783 376 1849 396 titulis
1867 376 1898 395 iel
1922 383 1971 402 pus—-

1013 392 1263 438 possessoribus,
1286 391 1382 424 etiam
1404 402 1477 423 cum
1500 391 1645 423 clausula
1671 391 1767 423 sicula
1784 407 1924 431 ,05,i„„12,„5,

16 291 68 320 ΑῐΙ.
83 291 113 317 C.
133 291 200 317 ¹562
889 289 956 312 Plt's
983 290 1012 312 lv
1032 289 1080 312 Pr.

216 343 423 387 tropolitano·,
441 347 475 380 ⁴et
497 343 521 375 si
551 353 602 376 res
617 342 657 375 ad
678 342 783 386 ipsum
806 347 969 385 metropo-

217 397 349 429 litanum
378 395 548 440 pertineat,
578 396 742 429 ordinario
763 395 922 436 viciniori·⁷
941 400 971 429 et

57 724 198 746 professione

15 755 53 777 bus
64 756 197 782 regularium.

43 1423 195 1450 Religiosoium

13 1455 106 1476 licentiis
128 1456 196 1475 standi

14 1489 73 1507 extra
89 1487 180 1508 claustr.»
191 1503 196 1509 ,

13 1520 60 1543 ela,

59 1798 197 1819 Absolutione

15 1829 189 1854 iun-anicularum,

57 1957 199 1980 Facultnitbus

16 1990 105 2010 testandi
115 2005 122 2016 ‚

43 2333 200 2356 Ordtuarnmm

18 2365 89 2391 gestis,

215 460 382 494 nunquam
398 449 518 483 similes
530 450 775 483 commissiones
792 450 969 482 concedam

215 504 344 548 quando
360 504 399 537 de
418 504 597 537 alienandis
620 503 898 537 iurisdictionibus
922 504 969 536 vel

216 557 408 600 vassallagiis
419 557 459 590 ad
470 557 621 591 ecclesias
636 557 877 601 quomodolibet
895 568 969 600 per-

216 610 391 644 tinentibus
407 611 523 653 agitur.

258 664 272 708 §
293 664 324 698 7.
346 663 466 697 Literas
481 664 576 697 etiam
594 663 823 697 declaratorias
842 663 971 695 nullita-

214 718 252 751 tis
278 717 488 762 professionis
509 723 642 762 propter
666 718 727 750 rim
758 722 789 750 et
824 722 967 754 metum,

213 771 342 815 quando
355 771 508 814 religiosi,
520 776 588 815 post
602 771 783 814 ingressum
796 770 970 813 Religionis

213 825 260 858 vel
281 825 430 858 emissam
452 825 698 869 professionem,
721 834 829 857 sacros
841 823 971 857 ordines

212 878 244 911 in
264 878 429 922 Religione
450 884 677 922 susceperunt,
690 878 786 911 etiam
807 877 831 910 si
852 888 970 910 assera-

213 938 264 965 tur
283 933 383 976 qnod,
405 933 525 966 eisdem
546 932 573 964 vi
600 937 630 965 et
651 936 737 964 metu
763 931 967 971 durantibus,

211 985 313 1019 dictos
328 986 459 1019 ordines
470 985 683 1029 susceperint,
706 984 838 1017 minime
856 995 971 1017 conce-

211 1039 297 1072 dant.
320 1039 355 1072 In
376 1039 446 1072 aliis
466 1044 573 1072 autem
591 1038 718 1072 casibus
738 1037 969 1071 declaratoriae

211 1092 397 1126 huiusmodi
423 1092 668 1126 committantur
694 1090 859 1124 ordinario
886 1091 967 1131 loci,

211 1152 323 1180 vocato
344 1146 452 1190 priore
473 1145 662 1179 monasterii
682 1144 745 1178 loci
766 1144 923 1185 eiusdem,
938 1145 969 1177 in

210 1210 275 1244 quo
300 1199 360 1232 fuit
381 1198 495 1232 emissa
516 1197 684 1242 professio,
707 1202 737 1230 et
748 1207 916 1241 nunquam
938 1198 970 1230 in

211 1253 355 1286 Romana
370 1253 465 1286 Curia
478 1280 485 1293 ,
511 1251 606 1284 etiam
627 1251 652 1284 si
674 1262 748 1294 pars
772 1255 803 1283 et
822 1256 918 1284 testes
938 1251 969 1284 in

211 1317 247 1340 ea
265 1312 452 1350 praesentes
472 1310 589 1339 essent.

255 1360 271 1403 ἓ
290 1359 321 1393 8.
341 1360 401 1393 Sed
428 1369 487 1392 nec
508 1357 655 1392 licentias
670 1357 830 1400 religiosis
850 1358 970 1390 eisdem

212 1413 315 1447 standi
330 1419 417 1447 extra
430 1411 675 1451 monasterium,
688 1410 784 1444 etiam
796 1411 829 1443 in
842 1411 971 1444 casibus

214 1466 408 1500 infirmitatis
432 1466 481 1499 vel
506 1465 576 1498 aliis
596 1476 612 1497 a
628 1465 699 1498 iure
716 1464 896 1510 permissis,
911 1476 971 1499 nec

214 1531 272 1566 pro
303 1520 513 1554 subventione
552 1524 741 1564 parentum,
770 1519 970 1564 pupillorum

213 1579 268 1608 aut
301 1574 441 1607 aliorum
476 1572 794 1616 consanguineorum
808 1600 815 1614 ,
847 1573 907 1607 nisi
933 1575 971 1608 de

213 1639 363 1672 expressa
371 1627 499 1661 licentia
510 1638 645 1660 suorum
657 1627 863 1672 superiorum
874 1628 971 1672 petita

213 1689 244 1716 et
264 1682 406 1716 obtenta.

278 1736 293 1779 ἓ
317 1735 347 1769 9.
377 1736 415 1769 Et
440 1735 587 1769 similiter
606 1735 826 1768 absolutiones
845 1746 862 1768 a
883 1735 971 1769 iura-

213 1795 333 1831 mento,
356 1795 584 1833 praeterquam
614 1789 652 1823 ad
679 1789 831 1823 effectum
857 1791 972 1832 agendi

215 1850 246 1878 et
261 1843 454 1887 excipiendi.

259 1898 274 1942 ξ
303 1898 356 1931 10.
389 1898 432 1931 Ac
457 1897 625 1930 facultates
650 1897 787 1931 testandi
812 1897 850 1930 de
881 1898 973 1931 bonis

215 1951 441 1985 ecclesiasticis
449 1951 481 1984 in
490 1952 593 1984 forma
605 1951 780 1994 quinterni,
790 1952 876 1984 ultra
888 1962 972 1984 sum-

215 2016 300 2038 mam
328 2010 458 2038 centum
481 2005 686 2045 ducatorum,
702 2005 834 2038 minime
856 2016 973 2039 conce-

215 2059 292 2091 dere
311 2058 448 2098 valeant3
471 2058 629 2101 religiosis
648 2069 742 2097 vero,
758 2053 867 2091 'etiam
887 2065 973 2093 extra

215 2111 356 2145 claustra
386 2123 461 2145 cum
490 2111 632 2155 legitima
659 2111 897 2155 dispensatione
918 2113 973 2146 de-

214 2165 376 2209 gentibus,
400 2165 519 2198 similes
531 2166 698 2199 facultates
711 2165 847 2198 testandi
868 2166 973 2200 nulla-

216 2225 309 2252 tenus
330 2219 562 2253 concedantur.

260 2273 275 2316 g
304 2273 358 2306 M.
382 2273 482 2313 Item,
519 2277 607 2315 gesta
628 2283 685 2316 per
710 2272 892 2307 ordinarios
920 2280 976 2307 aut

215 2326 296 2360 alios
305 2320 486 2367 inferiores,
501 2326 561 2359 nisi
573 2326 604 2358 in
616 2326 744 2359 casibus
755 2326 818 2359 illis
827 2338 974 2371 expresse

216 2380 255 2414 de
282 2380 354 2413 iure
384 2379 561 2424 permissis,
584 2384 615 2412 et
639 2380 769 2423 quando
799 2391 835 2413 ex
861 2391 975 2414 eorum

217 2430 378 2463 narrativa
403 2430 539 2463 formam
566 2428 646 2461 iuris
670 2429 803 2462 minime
832 2440 890 2473 per
922 2441 977 2464 eos

217 2484 374 2512 servatam
394 2489 462 2511 esse
493 2484 627 2518 constat,
655 2478 840 2511 nullatenus
860 2479 977 2513 confir-

218 2533 318 2568 ment,
341 2537 400 2560 nec
420 2537 535 2560 eorum
560 2527 705 2560 defectus
725 2526 805 2559 iuris
834 2528 882 2561 vel
903 2529 975 2561 facti

218 2576 328 2620 aliquo
349 2576 444 2609 modo
466 2577 649 2620 suppleant.

261 2625 276 2668 ξ
290 2624 344 2658 12.
362 2625 398 2658 In
414 2625 528 2669 primis
544 2630 652 2658 autem
668 2624 850 2658 abstineant
865 2637 883 2659 a
900 2637 978 2659 con-

218 2673 400 2706 firmatione
420 2673 504 2706 tituli
516 2674 563 2706 vel
577 2674 787 2718 possessionis
797 2674 975 2709 beneficio-

297 2726 372 2757 Ball.
391 2726 471 2757 Rom.
499 2727 554 2758 Vol.
578 2727 636 2758 VII.
781 2727 819 2758 ⁶26

1013 449 1093 480 iuste
1104 451 1132 480 el
1147 446 1279 490 pacifice
1288 445 1469 488 possidetis,
1483 456 1569 480 (ζ-ιιιιι,
1585 444 1664 477 sicut
1679 455 1768 477 arce-

1013 501 1132 545 pimus,
1147 498 1409 533 confirmationes
1422 497 1608 530 buiusnmdi
1622 498 1766 541 plerum-

1012 565 1074 598 que
1097 559 1247 597 potantur
1268 553 1299 585 in
1321 552 1466 585 fraudem
1493 551 1531 583 ad
1553 551 1768 584 confovendos

1013 608 1153 641 intrusos
1179 612 1206 640 et
1234 606 1330 643 alios,
1359 606 1413 649 qui
1440 604 1547 637 literas
1576 604 1769 648 apostolicas

1013 661 1204 705 provisionis
1224 659 1459 693 beneficiorum
1475 659 1665 691 eorumdem
1678 658 1769 690 mini-

1014 726 1062 747 me
1089 715 1335 759 expedirerunt,
1359 724 1395 745 ac
1426 712 1557 745 minime
1579 717 1692 745 curant
1715 723 1768 744 ex-

1012 768 1135 812 pedire.

1056 821 1144 863 §11:3.
1173 822 1358 854 Abstineant
1385 820 1478 853 etiam
1506 831 1523 852 a
1549 818 1769 852 declaratoriis

1012 886 1110 918 super
1135 875 1319 908 homicidiis
1344 879 1370 907 et
1400 873 1635 915 irregularitate
1657 872 1769 906 exinde

1012 929 1299 969 conti‘aeta,‹3·tia1n
1321 929 1343 961 si
1366 927 1418 960 illa
1440 927 1501 959 rim
1526 927 1551 958 ri
1583 927 1768 970 rufi-pellendo

1012 987 1039 1015 et
1062 982 1101 1014 ad
1123 982 1335 1015 neeessariam
1357 981 1577 1014 defensionem
1600 980 1770 1013 commissa

1013 1036 1109 1068 fuisse
1130 1040 1304 1068 asseratur.

1056 1090 1070 1132 g
1096 1088 1142 1121 14.
1166 1089 1255 1127 Item,
1277 1100 1293 1121 a
1315 1087 1770 1121 confirmationilmsdeeima-

1012 1153 1084 1175 rum
1107 1148 1133 1175 et
1156 1142 1284 1175 illarum
1307 1140 1570 1185 acquisitionum,
1595 1141 1690 1173 etiam
1713 1152 1770 1184 pro

1012 1195 1156 1240 pacificis
1172 1195 1425 1239 possessoribus,
1448 1194 1510 1226 nisi
1532 1194 1601 1226 illas
1613 1199 1684 1226 ante
1698 1205 1771 1226 con-

1013 1250 1122 1282 cilium
1154 1250 1377 1288 Lateranense,
1398 1254 1545 1292 tempore
1579 1248 1771 1281 recolendae

1012 1303 1189 1337 memoriae
1210 1302 1379 1336 Alexandri
1399 1303 1436 1335 Ill
1463 1302 1671 1341 celebratum,
1692 1301 1771 1344 legi—

1013 1359 1088 1391 time
1109 1357 1284 1400 acquisitas
1304 1367 1373 1389 esse
1395 1366 1542 1399 expresse
1564 1356 1700 1387 dicatur.

1057 1412 1071 1454 ἓ
1091 1411 1145 1444 15.
1164 1411 1372 1453 Etinsupera
1389 1409 1771 1452 confirmationibusqui-

1014 1524 1095 1552 sent.

1058 1573 1146 1617 516.
1178 1573 1347 1615 Privilegia
1366 1583 1441 1606 vero
1478 1584 1515 1605 ac
1549 1572 1717 1606 facultates
1743 1579 1773 1606 et

1013 1628 1132 1671 gratias
1152 1638 1210 1671 per
1231 1627 1344 1660 Sedent
1366 1627 1584 1671 Apostolicam
1606 1638 1770 1669 concessa,

1014 1682 1047 1714 in
1067 1692 1185 1723 genere
1202 1686 1325 1714 tantum
1339 1709 1346 1721 ,
1374 1692 1439 1713 non
1460 1687 1567 1714 autem
1598 1681 1630 1713 in
1652 1682 1770 1725 speeie,

1014 1735 1225 1775 confirment,
1253 1735 1313 1768 nisi
1335 1735 1500 1779 privilegia
1521 1735 1588 1779 ipsa
1614 1735 1652 1768 de
1676 1737 1773 1769 verbo

1015 1790 1053 1823 ad
1073 1789 1208 1822 verbum
1230 1789 1426 1830 inserantur,
1439 1789 1477 1822 de
1498 1789 1616 1832 quibus
1637 1790 1774 1834 perlito-

960 1873 965 1878 .
1015 1854 1066 1876 ras
1103 1843 1296 1887 apostolicas
1337 1848 1392 1876 aut
1429 1854 1541 1876 earum
1572 1848 1775 1888 transumpta

1015 1897 1212 1937 authentica,
1224 1897 1311 1930 omni
1324 1908 1458 1941 prorsus
1469 1897 1653 1941 suspicione
1666 1908 1775 1931 caren-

1014 1952 1057 1984 tia
1071 1978 1078 1992 ,
1101 1951 1161 1995 ipsi
1182 1951 1357 1984 correctori
1379 1950 1573 1989 constiterit,
1597 1951 1635 1983 de
1656 1962 1720 1994 quo
1742 1952 1775 1984 in

1015 2005 1263 2039 confirmatione
1289 2005 1357 2049 ipsa
1387 2015 1535 2048 expressa
1561 2005 1682 2038 mentio
1704 2005 1774 2038 fieri

1015 2059 1142 2092 debeat.

1059 2113 1073 2156 ξ
1093 2113 1148 2146 17.
1162 2113 1327 2145 Postremo
1341 2123 1415 2145 eum
1427 2111 1570 2145 officium
1582 2112 1689 2155 ipsum
1702 2123 1774 2145 cor-

1015 2166 1151 2199 rectoris
1160 2166 1363 2210 potissimum
1371 2171 1515 2199 versetur
1525 2166 1557 2198 in
1566 2166 1775 2199 concessione

1015 2220 1063 2253 vel
1074 2219 1321 2253 confirmatione
1337 2230 1449 2253 eorum
1458 2246 1465 2259 ,
1477 2230 1559 2262 quae
1569 2225 1643 2252 sunt
1654 2220 1692 2252 de
1706 2220 1775 2253 iure

1017 2272 1184 2317 permissa,
1207 2274 1392 2307 nullatenus
1413 2273 1622 2306 concedendo
1637 2274 1684 2305 rel
1698 2284 1776 2307 con-

1017 2327 1176 2361 firmando
1187 2327 1341 2361 rescribat
1353 2327 1384 2360 in
1395 2327 1777 2371 materiisquoquomodo

1017 2381 1049 2414 in
1070 2381 1141 2414 iure
1161 2380 1268 2414 dubiis
1286 2381 1335 2414 vel
1356 2380 1528 2413 ubivariae
1546 2386 1620 2413 sunt
1640 2380 1778 2425 iurispe-

1018 2435 1155 2468 ritorum
1184 2433 1373 2478 opiniones,
1400 2434 1495 2467 etiam
1525 2444 1583 2477 pro
1610 2435 1777 2468 communi

1018 2483 1151 2516 illorum
1173 2483 1348 2520 sententia,
1377 2483 1430 2516 sed
1452 2488 1577 2515 tantum
1599 2483 1653 2516 ubi
1676 2484 1713 2516 de
1744 2495 1777 2517 re

1019 2533 1088 2577 ipsa
1103 2533 1191 2565 clara
1211 2538 1241 2565 et
1257 2543 1407 2577 expressa
1427 2532 1465 2565 de
1486 2531 1557 2565 iure
1577 2532 1697 2565 decisio
1718 2544 1775 2577 ap-

1019 2586 1147 2625 paretet
1157 2582 1195 2615 de
1207 2582 1301 2615 cuius
1312 2581 1478 2615 intellectu
1495 2582 1680 2615 nullatenus
1691 2583 1777 2626 apud

1019 2631 1099 2664 iuris
1118 2631 1312 2675 interpretes
1331 2631 1507 2664 dubitetur.

1064 2679 1140 2724 518.
1154 2680 1384 2714 Procuratores
1394 2685 1502 2714 autem
1513 2680 1681 2714 literarum
1691 2679 1698 2712 i
1703 2690 1775 2724 psa-

1820 834 1970 855 lssrlaratoriis

1786 871 1849 891 snper
1882 866 1971 885 Ιιιιιιιίνι-

1786 898 1825 917 dils
1850 902 1870 917 et
1889 904 1923 917 tii·

1790 928 1882 954 laritate,

1841 1103 1868 1123 De
1878 1105 1971 1125 imarum

1788 1136 1957 1159 continuantur,

1815 1428 1883 1448 Rebus
1899 1428 1975 1447 litizio-

1013 1465 1216 1508 buscumque
1229 1465 1266 1497 de.
1279 1464 1376 1497 rebus
1395 1463 1540 1506 litigiosis
1558 1463 1689 1496 omnino
1702 1473 1771 1496 ces·
1789 1459 1824 1482 ⁵²³*

1846 1586 1974 1607 indultorum

1791 1618 1898 1639 confirmat
1905 1624 1960 1641 tune,

1818 2126 1886 2147 {tt-bus
1903 2125 1973 2145 dubiis
