2237 3100
497 209 586 247 ¹002
1094 214 1242 240 antrum
1265 213 1383 239 nouam

536 277 706 312 vocantur,
729 271 808 305 ibid.
832 271 861 303 b.
884 268 1131 302 Praedictorum
1151 267 1342 307 declaratio,
1363 265 1429 300 105
1450 266 1468 299 b
1488 271 1520 299 et
1538 275 1602 310 seq.
1625 266 1814 301 Homicidae
1825 267 1947 311 aliique
1963 267 2010 301 rei

542 325 662 370 quibus
686 324 799 369 poenis
819 334 837 356 a
857 321 1006 366 pluribus
1026 320 1239 354 Pontificibus
1254 320 1333 354 Max.
1347 318 1562 360 coerciti,186
1576 319 1605 352 b.
1619 319 1695 352 Pius
1707 319 1744 352 lV
1756 321 1867 354 statuit
1878 321 2012 365 insuper

540 380 582 414 ob
603 378 817 413 homicidium
837 376 988 409 bannitos
1000 375 1122 409 remitti
1142 374 1281 418 nequire
1302 374 1335 406 in
1352 374 1424 407 loco
1444 372 1500 406 ubi
1521 372 1705 406 occisorum
1716 372 1872 408 haeredes
1881 384 2012 408 moran-

541 438 614 473 tur,
636 431 697 464 nisi
718 431 757 463 ab
778 429 857 473 ipsis
877 429 986 462 habita
1020 438 1111 472 pace,
1134 427 1199 461 188
1220 428 1248 460 b.
1272 426 1434 460 Nonnulla
1454 426 1553 459 dubia
1573 436 1671 470 super
1704 426 1878 470 praedictis
1903 433 2013 461 exorta

539 486 756 524 declarantur,
777 482 841 516 189
862 482 891 515 b.
927 482 970 515 De
991 481 1140 525 deposito
1162 481 1269 514 fiendo
1290 491 1308 513 a
1327 479 1551 513 condemnatis
1584 480 1693 513 favore
1718 480 1788 512 fisci
1810 485 1841 513 et
1860 480 2013 514 Gamerae

540 537 766 582 Apostolicae,
793 535 858 570 190
879 546 909 569 a.
933 535 977 569 De
998 534 1283 568 commissionibus
1303 543 1368 567 non
1389 533 1567 576 signandis,
1586 532 1648 566 nisi
1664 533 1742 566 fisco
1763 537 1794 567 et
1812 533 2014 568 thesaurario

541 590 656 629 citatis,
679 589 757 622 ibid.
773 589 802 622 b.
820 589 863 622 De
875 598 981 632 poena
996 588 1117 621 fractae
1127 587 1215 632 pacis
1232 592 1263 620 et
1283 592 1428 629 treguae,
1442 591 1472 619 et
1493 585 1644 619 cautione
1665 586 1703 620 de
1718 596 1782 620 non
1802 587 2013 629 offendendo,

541 643 599 677 191
625 654 656 676 a.
684 642 726 675 De
747 641 996 684 allegationibus
1016 651 1116 674 novae
1134 650 1279 680 caussae,
1297 640 1376 672 ibid.
1394 639 1421 672 b.
1435 639 1478 672 De
1488 639 1759 683 promissionibus
1775 639 1813 673 de
1833 651 1898 674 non
1914 640 2015 674 offen-

541 695 661 735 dendo,
684 695 763 727 ibid.
786 694 829 727 De
850 694 1009 727 sententia
1030 693 1273 733 contumaciali‚
1297 691 1361 726 19‘2
1382 703 1412 725 α.
1435 691 1479 725 De
1501 691 1644 735 legitima
1673 693 1827 726 solvenda
1852 704 1870 726 a
1900 704 2017 737 paren-

541 749 627 781 tibus
647 748 889 785 damnatorum,
912 747 992 780 ibid.
1010 746 1054 780 De
1074 752 1220 790 tempore
1241 756 1306 790 quo
1327 751 1537 778 contumaces
1557 745 1774 778 admittuntur
1793 746 1833 779 ad
1854 745 2016 780 defensio-

541 811 630 841 nem,
652 801 733 834 ibid.
756 801 798 834 De
820 800 1060 834 homicidarum
1075 799 1273 839 minoritate,
1296 799 1376 832 ibid.
1400 799 1428 831 b.
1452 798 1495 831 De
1515 799 1788 832 absolvendorum
1809 799 2013 841 liberatione,

541 855 622 888 ibid.
646 854 688 887 De
709 854 866 898 privativa
886 859 916 887 ct
936 854 1166 898 praeventione
1185 853 1269 886 inter
1284 852 1409 886 iudices
1424 852 1660 886 ecclesiasticos
1677 859 1708 887 et
1721 853 1917 895 saeculares,
1932 852 2012 886 ibid.

543 908 851 942 Contravenientum
882 918 1024 952 poenae,
1056 907 1122 941 193
1151 919 1182 941 a.
1213 907 1422 950 Privilegium
1454 907 1678 941 sodalitatibus
1710 912 1741 941 et
1771 907 1842 941 aliis
1879 917 2012 941 eonces-

541 971 614 994 sum
634 960 807 1002 liberandi,
831 960 910 994 feria
929 970 960 994 vl
987 960 1021 993 in
1041 970 1227 1005 parasceve,
1249 960 1448 993 homicidam
1470 959 1657 994 carceribus
1677 960 1845 994 detentum
1871 960 1949 994 Pius
1976 959 2015 994 lv

546 1020 694 1056 revocat,
716 1013 781 1048 335
801 1014 838 1054 b‚·
869 1013 1057 1048 huiusmodi
1078 1013 1214 1057 gratiam
1236 1013 1428 1053 concedere,
1447 1013 1595 1047 consulto
1620 1013 1695 1055 PP.,
1724 1014 1792 1047 suis
1821 1013 2015 1047 officialibus

543 1074 694 1109 reservat,
717 1067 781 1102 336
802 1079 832 1101 α.
861 1067 993 1101 Scelesti
1020 1078 1036 1101 c
1057 1077 1157 1110 regno
1177 1067 1390 1111 Neapolitano
1416 1066 1620 1110 aufugientes
1650 1066 1683 1099 in
1704 1066 1830 1100 Statum
1851 1066 2011 1101 Ecclesia-

544 1122 675 1162 sticum,
698 1128 730 1155 etv
758 1121 898 1154 vicissim
913 1147 921 1162 ,
954 1121 1148 1165 capiantur,
1175 1126 1207 1154 et
1237 1120 1394 1164 puniendi
1418 1120 1589 1154 tradantur
1609 1120 1858 1154 auctoritatibus
1889 1121 2016 1154 relativi

543 1174 663 1215 Status,
677 1174 742 1208 4⁶28
762 1175 779 1208 b
800 1180 831 1208 et
850 1185 912 1218 seq.
936 1174 1345 1218 Piuszraedeccssorum
1362 1174 1610 1208 constitutiones
1625 1173 1757 1208 innovat
1773 1174 1806 1207 in
1820 1173 2014 1216 homicidas,

543 1227 718 1261 vindictam
739 1228 986 1261 transversalem
1021 1233 1197 1269 sumentes,
1221 1227 1392 1261 hominum
1414 1228 1582 1261 collectam
1610 1227 1763 1262 facientes
1782 1227 1929 1271 aliosque
1949 1238 2017 1262 sce·

547 1281 655 1321 lestos,
678 1281 743 1314 454
762 1292 782 1314 a
797 1292 806 1317 ,·
827 1281 1058 1314 communibus
1079 1281 1236 1325 praecipit
1257 1287 1290 1314 ut
1313 1281 1513 1314 facinorosos
1534 1281 1674 1324 capiant,
1698 1286 1794 1325 atque
1814 1282 1932 1314 damna
1952 1281 2017 1315 lata

546 1335 585 1367 ab
606 1334 683 1378 ipsis
703 1334 862 1372 reficiant,
884 1334 963 1367 ibid.
987 1334 1027 1373 b,·
1048 1344 1168 1376 poenas
1188 1338 1338 1377 aggravat
1358 1333 1390 1366 in
1411 1333 1617 1367 auxiliatores
1648 1334 1860 1367 scelestorum
1875 1360 1883 1374 ‚
1903 1333 2016 1375 4561„

547 1388 704 1420 nonnulla
725 1388 867 1420 declarat
887 1387 974 1419 circa
995 1387 1186 1420 eorumdem
1208 1392 1425 1430 receptatores
1445 1387 1649 1430 praeteritos,
1671 1386 1735 1420 457
1757 1397 1800 1427 a;
1820 1386 1943 1420 litteras
1956 1387 2017 1421 hu-

546 1440 686 1473 iusmodi
708 1440 882 1483 quotannis
902 1439 1061 1483 publicari
1093 1440 1236 1479 mandat,
1258 1439 1322 1473 458
1345 1451 1375 1472 a.
1400 1439 1531 1473 Fractae
1560 1439 1650 1483 pacis
1675 1440 1725 1472 vel
1746 1445 1880 1483 treguae
1899 1450 2016 1474 novam

547 1503 692 1526 caussam
715 1494 853 1536 allegare
869 1493 988 1537 quibus
1008 1493 1041 1525 in
1062 1493 1190 1526 casibus
1211 1492 1320 1533 liceat,
1336 1492 1402 1526 465
1415 1504 1446 1526 α.
1460 1492 1594 1532 Quando
1616 1498 1824 1527 contumaces
1844 1493 1884 1526 ad
1903 1493 2015 1527 defen-

547 1547 654 1580 siones
674 1547 798 1580 admitti
824 1547 975 1586 debeant,
998 1547 1076 1580 ibid.
1100 1547 1128 1579 b.
1161 1547 1196 1580 In
1222 1546 1344 1580 caussis
1370 1547 1459 1580 mixti
1490 1547 1550 1581 sori
1586 1558 1651 1591 qua
1675 1547 1800 1580 ratione
1827 1547 2015 1592 praeventio

550 1600 658 1633 locum
691 1600 808 1633 habeat
837 1599 920 1633 inter
939 1599 1082 1633 iudicem
1104 1600 1361 1633 ecclesiasticum
1383 1604 1414 1634 et
1433 1600 1566 1641 laicum,
1589 1599 1653 1634 466
1674 1611 1705 1634 α.
1719 1600 1830 1644 Capite
1850 1600 1883 1633 in
1904 1605 2018 1634 contu-

549 1653 685 1686 maciam
707 1653 862 1692 damnati,
877 1653 962 1696 capti
977 1653 1059 1686 infra
1079 1663 1201 1686 annum
1214 1664 1232 1686 a
1247 1653 1298 1686 die
1314 1653 1608 1694 condemnationis,
1623 1664 1689 1687 non
1705 1654 1882 1687 audiantur
1894 1654 2018 1697 absque

548 1707 637 1740 iussu
662 1706 778 1750 Papae,
801 1706 855 1739 sed
877 1707 1067 1747 sententiae,
1088 1706 1239 1749 legitimis
1260 1706 1529 1751 praecedentibus
1549 1706 1683 1748 inditiis,
1704 1706 1736 1740 in
1757 1717 1811 1740 eos
1830 1707 1926 1747 latae,
1948 1717 2017 1741 exe-

548 1759 669 1792 cutioni
691 1759 941 1799 demandentur,
959 1759 1023 1793 467
1045 1760 1074 1792 b.
1097 1760 1302 1803 Quicumque
1316 1760 1529 1804 receptavcrit
1549 1760 1740 1801 homicidas,
1763 1759 1913 1801 rebelles,
1933 1770 2020 1803 gras-

549 1817 673 1845 satores
692 1812 838 1856 aliosque
849 1812 946 1845 huius
954 1812 1258 1854 furfurishomines,
1272 1813 1383 1856 poenis
1399 1812 1639 1847 confiscationis
1658 1813 1832 1853 bonorum,
1844 1813 2018 1846 domorum

549 1865 768 1898 demolitionis
798 1871 829 1898 et
857 1866 1006 1909 perpetui
1037 1866 1122 1899 exilii
1154 1877 1228 1899 cum
1261 1866 1389 1899 familiis
1418 1866 1598 1907 subdatur,
1623 1866 1688 1899 47⁶2
1724 1866 1741 1899 b
1771 1872 1802 1899 et
1826 1877 1890 1910 seq.
1916 1865 2022 1910 Super

549 1918 715 1961 praedicta
739 1919 871 1962 procedi
888 1924 992 1962 potest
1019 1930 1077 1963 per
1097 1919 1351 1959 accusationem,
1374 1919 1570 1953 delationem
1601 1925 1632 1953 et
1656 1919 1914 1963 inquisitionem,
1936 1918 2017 1952 ibid.

549 1972 808 2015 Appellationem
825 1971 857 2005 in
878 1972 998 2006 caussis
1020 1972 1243 2006 criminalibus
1265 1972 1415 2006 concedit
1431 1972 1504 2006 Pius
1524 1973 1560 2014 V,
1574 1973 1695 2016 absque
1716 1973 1863 2017 deposito
1879 1982 2017 2016 poenae,

549 2025 604 2058 sed
622 2024 696 2058 data
716 2030 841 2058 tantum
867 2026 1030 2066 cautione,
1057 2026 1236 2059 dummodo
1256 2027 1424 2070 appellans
1450 2037 1514 2060 non
1534 2026 1575 2059 sit
1595 2026 1694 2068 dives,
1716 2026 1781 2061 503
1802 2027 1837 2067 b;
1865 2025 2020 2060 confessis

550 2079 803 2123 appellationem
828 2080 977 2123 denegat,
991 2080 1056 2114 504
1075 2092 1105 2114 a.
1126 2080 1329 2121 Homicidae,
1347 2081 1544 2125 blasphemi,
1570 2091 1737 2115 sacrarum
1751 2081 1930 2125 imaginum
1947 2091 2022 2115 con-

552 2137 718 2173 temtores,
742 2133 773 2165 in
794 2133 980 2177 principatu
1001 2133 1196 2174 Cataloniae,
1217 2135 1402 2177 Aragonum
1423 2145 1542 2178 regno,
1565 2134 1773 2168 comitatibus
1796 2134 1971 2168 Rosilionis
1988 2140 2021 2169 et

550 2188 742 2230 Ceritaniae,
766 2195 912 2234 possunt,
933 2191 1089 2234 requisito
1110 2191 1217 2224 iudice
1243 2191 1476 2232 ecclesiastico,
1500 2191 1735 2235 comprehendi
1765 2191 1861 2225 etiam
1886 2191 1920 2225 in
1939 2191 2019 2225 locis

555 2242 766 2283 immunibus,
787 2243 851 2277 618
867 2255 887 2276 a
911 2249 1020 2287 etseq.
1043 2244 1103 2283 Qui
1124 2245 1243 2277 debent
1272 2244 1427 2278 custodiri
1449 2245 1480 2277 in
1507 2255 1638 2278 carcere
1663 2244 1894 2286 ecclesiastico,
1917 2245 2022 2279 donee

556 2294 795 2330 ecclesiasticus
820 2295 915 2329 iudex
946 2296 986 2329 de
1016 2296 1134 2330 delicto
1164 2298 1372 2340 cognoverit,
1404 2297 1468 2331 619
1495 2309 1527 2331 α.
1560 2297 1696 2337 Quando
1720 2297 1767 2331 rei
1792 2297 1826 2331 in
1852 2303 2022 2332 contuma-

555 2348 638 2381 ciam
664 2349 881 2390 condemnati,
902 2355 933 2383 et
949 2349 1031 2383 infra
1055 2361 1176 2383 annum
1196 2351 1294 2394 capti,
1313 2351 1504 2384 admittendi
1523 2352 1573 2384 vel
1594 2361 1659 2384 non
1683 2351 1873 2385 admittendi
1899 2351 1963 2384 sint
1982 2350 2021 2385 ad

554 2401 786 2443 defensionem,
808 2403 867 2436 941
899 2403 928 2436 b.
954 2403 1221 2446 Appellationum
1248 2414 1394 2444 caussae,
1418 2403 1450 2436 in
1485 2404 1724 2445 criminalibus,
1748 2403 1832 2437 infra
1855 2414 1909 2441 sex
1929 2413 2022 2437 men-

556 2463 606 2486 ses
625 2465 642 2487 a
664 2455 715 2488 die
736 2455 946 2499 interpositae
965 2455 1192 2499 appellationis
1207 2457 1435 2502 expediantur,
1447 2456 1511 2491 947
1525 2469 1556 2491 a.
1569 2457 1695 2491 Iudices
1715 2457 1799 2491 tradi
1819 2456 2021 2490 faciantacta

557 2507 807 2550 appellantibt1S‚
829 2509 908 2542 ibid.
931 2509 960 2542 b.

466 2557 717 2594 Humiliatorum
748 2562 852 2603 Ordo,
875 2562 1016 2606 regulari
1037 2561 1209 2607 disciplina
1228 2564 1400 2605 derelicta,
1422 2564 1587 2598 incassum
1606 2564 1690 2598 aPio
1709 2565 1733 2597 V
1748 2569 1894 2598 amanter
1913 2562 2022 2597 corri-

557 2612 657 2656 pitur,
669 2612 734 2648 885
754 2615 783 2649 b.
805 2615 981 2650 Cardinalis
1007 2615 1259 2658 Borrhomaeus,
1281 2616 1410 2652 Ordinis
1430 2623 1596 2662 protector
1608 2624 1637 2652 et
1659 2618 1719 2661 Ap.
1733 2617 1824 2653 Sedis
1840 2616 2022 2660 delegatus,
