2237 3100
504 207 590 243 1016
1084 213 1232 238 BULLAnn
1256 212 1374 238 nonam

549 269 724 314 recipiendi
744 270 792 303 vel
819 267 975 302 retinendi
1001 267 1168 310 religiosos
1187 266 1323 299 aliorum
1345 265 1502 299 Ordinum
1523 271 1737 306 revocantur,
1759 265 1823 299 783
1841 267 1858 299 b
1884 272 1913 300 et
1940 277 2003 311 seq.

548 324 666 357 Nullibi
687 323 818 357 audiant
853 321 1068 355 saecularium
1100 320 1350 364 confessiones,{
1373 319 1433 353 nisi
1465 319 1503 353 ab
1529 319 1700 353 ordinariis
1724 319 1787 352 sint
1821 319 2004 364 approbati,

549 377 613 411 938
634 378 662 410 b.
690 377 724 409 V.
747 375 853 409 Servi.

462 431 529 465 Rei.
561 431 594 464 V.
618 429 816 463 llomicidae.

461 484 694 527 Religiosorum
716 481 915 514 reformatio.
945 481 978 514 V.
1002 481 1229 525 Hispaniarum
1251 480 1418 513 coenobia.

461 539 558 584 Ripae
578 543 608 571 et
627 537 773 581 Ripettae
793 536 823 569 in
844 536 929 569 Urbe
950 541 1146 569 mercatores
1166 547 1183 568 a
1204 535 1352 579 pluribus
1377 535 1519 568 Summis
1541 534 1754 569 Pontificibus
1774 535 2011 579 praerogativas

549 592 705 631 obtinent,
733 590 775 623 95
796 590 824 623 b.
849 590 934 628 Quas
954 590 1030 623 Pius
1052 590 1088 623 lV
1109 589 1291 630 confirmat,
1323 589 1419 629 ibid.;
1439 588 1676 632 camerariique
1696 589 1796 634 Ripae
1816 595 1847 622 et
1866 589 2011 634 Ripettae

549 644 805 677 iurisdictionem
825 643 958 687 ampliat
978 643 1009 675 in
1031 643 1152 676 caussis
1173 642 1321 675 civilibus
1341 647 1371 675 et
1387 642 1623 683 criminalibus,
1646 642 1688 676 96
1705 654 1725 675 a
1745 648 1776 677 et
1795 654 1858 688 seq.

462 699 558 743 Ripae
578 698 761 730 Transonae
777 696 946 740 oppidum,
970 695 1001 728 in
1022 695 1187 739 provincia
1208 696 1337 735 Picena,
1361 695 1582 736 munimentis,
1605 695 1716 740 populi
1738 696 1919 740 frequentia
1938 696 2012 741 opi-

548 752 672 795 busque
692 749 919 794 conspieuum,
943 749 1006 782 926
1028 761 1057 782 (ι.
1082 749 1159 782 Eius
1186 749 1377 782 universitas
1397 749 1453 781 Pio
1474 749 1496 778 V
1517 749 1680 793 supplicat.
1699 754 1735 782 ut
1755 749 1925 783 ecclesiam
1954 761 2012 794 pa-

548 804 724 837 rochialem
746 803 778 835 in
798 802 1016 835 cathedralem
1038 802 1159 845 erigat,
1191 802 1269 835 ibid.
1293 803 1321 834 b.
1350 802 1470 834 Annuit
1499 801 1656 843 Pontifex,
1689 802 1768 835 ibid.
1792 807 1903 847 etseq.
1939 802 2014 847 Epi-

548 858 638 902 scopi
659 862 690 891 et
710 856 941 890 canonicorum
965 857 1098 889 facultas
1132 856 1247 890 edendi
1282 861 1395 889 statuta
1428 867 1486 900 pro
1507 855 1592 889 felici
1614 867 1765 889 successu
1785 867 1886 890 novae
1906 857 2013 890 cathe-

550 910 660 951 dralis,
683 910 747 943 928
766 911 794 942 b.
817 910 1008 943 Constitutio
1029 915 1169 953 quatuor
1195 909 1405 942 ecclesiarum
1428 909 1677 952 parochialium,
1700 909 1778 943 ibid.
1815 909 2012 944 Earumdem

550 970 692 1002 rectores
711 963 830 1007 habent
849 963 986 996 vicarios
1005 969 1192 1008 perpetuos,
1217 962 1280 996 9029
1301 974 1331 996 ιι.
1361 962 1555 996 Constitutio
1582 962 1924 1008 archipresbyteratus,
1957 975 2009 998 ar-

551 1017 792 1051 chidiaconatus
812 1022 842 1050 et.
863 1016 1034 1050 duodecim
1056 1017 1306 1050 canonicatuum
1328 1026 1507 1059 eorumque
1527 1016 1791 1059 praecedentiae,
1820 1017 1899 1050 ibid.
1928 1016 2011 1051 Unio

551 1070 702 1104 beneficii
722 1071 753 1104 S.
777 1070 888 1113 Angeli
909 1070 947 1103 ad
969 1070 1188 1103 cathedralem
1216 1069 1399 1109 ecclesiam,
1425 1069 1504 1103 ibid.
1528 1069 1557 1102 b.
1576 1069 1673 1102 Plura
1686 1069 1757 1103 loca
1781 1075 1812 1103 ct
1836 1080 2007 1114 personae,

549 1124 589 1157 ad
606 1124 684 1157 alias
705 1124 869 1158 dioeceses
888 1123 1099 1157 velecclesias
1120 1122 1329 1167 pertinentia,
1348 1123 1491 1167 Ripanae
1512 1123 1667 1156 ecclesiae
1689 1122 1907 1167 assignantur,
1928 1123 2007 1158 ibid.

462 1177 562 1211 Rochi
584 1177 645 1221 (S.)
675 1177 859 1210 sodalitium
881 1177 913 1210 in
939 1176 1023 1210 Urbe
1044 1176 1325 1210 confirmationem
1358 1176 1481 1209 obtinet
1507 1175 1547 1209 ab
1574 1176 1755 1210 Alexandro
1774 1177 1822 1218 Vl,
1844 1177 2012 1211 facultates

551 1233 684 1276 insuper
703 1232 834 1276 propria
854 1237 971 1265 statuta
992 1231 1166 1272 condendi,
1197 1241 1273 1264 suos
1294 1230 1447 1264 officiales
1472 1231 1682 1271 nominandi,
1705 1231 1876 1265 ecclesiam
1898 1231 2011 1265 aedifi-

551 1285 661 1326 candi,
692 1285 760 1329 pias
781 1284 960 1318 oblationes
985 1285 1175 1328 recipiendi,
1200 1290 1344 1318 mortuos
1362 1284 1393 1316 in
1412 1285 1548 1318 ecclesia
1569 1285 1757 1329 sepeliendi,
1778 1285 2011 1319 confessarium

552 1350 609 1383 pro
625 1339 773 1372 ducentis
793 1338 1010 1372 confratribus
1031 1338 1182 1381 eligendi,
1198 1338 1479 1382 indulgentiasque
1501 1349 1558 1382 pro
1579 1339 1718 1373 sodalitii
1740 1339 1911 1373 eeclesiam
1932 1339 2009 1373 visi-

551 1393 704 1434 tantibus,
727 1392 801 1426 691,
823 1398 853 1425 et
872 1403 934 1435 seq.
959 1393 1020 1425 Leo
1036 1392 1071 1430 X,
1092 1391 1255 1435 praedicta
1276 1392 1491 1432 confirmans,
1526 1393 1677 1426 concedit
1706 1393 1892 1427 facultatem
1913 1392 2011 1426 mini-

551 1446 673 1480 strandi
692 1451 892 1479 sacramenta
912 1445 1076 1479 sodalibus
1096 1445 1244 1484 infirmis,
1268 1445 1363 1478 etiam
1391 1445 1422 1478 in
1443 1445 1575 1478 illorum
1596 1446 1765 1488 domibus,
1788 1457 1847 1491 per
1871 1446 2011 1480 sodalitii

553 1501 770 1545 eaplssiellanos,
794 1500 831 1532 711
856 1511 876 1532 a
896 1505 927 1532 et
946 1500 978 1536 b:
999 1498 1233 1532 confessionale
1262 1498 1414 1531 omnibus
1434 1499 1598 1532 sodalibus
1618 1500 1697 1533 ibid.
1725 1500 1757 1541 b,·
1778 1500 2012 1544 indulgentiam

553 1554 730 1599 plenariam
747 1552 947 1586 visitantibus
968 1551 1149 1592 ecclesiam,
1174 1551 1272 1590 ibid.,‘
1293 1552 1497 1595 privilegium
1524 1552 1584 1585 fori
1610 1552 1757 1586 societati
1777 1558 1808 1586 et
1827 1553 2011 1594 sodalibus,

552 1607 630 1640 ibid.
653 1607 728 1640 Pius
742 1607 783 1640 IV
803 1606 1090 1651 praedecessorum
1103 1605 1327 1639 concessiones
1348 1611 1431 1638 ratas
1451 1606 1588 1647 liabens,
1608 1606 1726 1649 gratias
1747 1611 1777 1639 et
1797 1606 2014 1650 indulgentias

554 1661 691 1694 aliorum
713 1661 841 1705 piorum
859 1661 1006 1694 locorum
1028 1659 1122 1693 Urbis
1142 1660 1264 1693 eisdem
1281 1659 1441 1699 concedit,
1464 1658 1505 1692 72
1526 1670 1546 1692 a
1559 1664 1681 1704 etseq.,·
1701 1659 1889 1704 publicandi
1908 1661 2015 1694 indul-

554 1714 677 1757 gentias
697 1713 859 1747 licentiam
882 1713 1078 1758 impartitur,
1101 1711 1143 1746 73
1174 1714 1206 1750 b:
1226 1712 1433 1757 privilegium
1455 1712 1514 1746 fori
1536 1713 1575 1746 ad
1605 1713 1770 1747 ministros
1795 1720 1826 1748 et
1845 1714 2015 1748 servitores

553 1768 713 1802 societatis
733 1768 883 1809 extendit,
907 1767 949 1801 74
961 1779 992 1801 α.
1015 1768 1112 1809 Bona,
1134 1767 1230 1800 etiam
1247 1767 1389 1801 feudalia
1409 1772 1440 1800 et
1460 1766 1691 1808 ecclesiastica,
1705 1768 1909 1812 acceptandi,
1923 1767 2015 1802 alias-

555 1832 617 1865 que
641 1821 760 1865 gratias
776 1821 942 1864 elargitur,
965 1821 1042 1854 ibid.
1067 1826 1174 1864 etseq.

467 1874 630 1908 Romanae
649 1874 764 1908 Curiae
784 1876 959 1918 scriptores
979 1880 1131 1908 creantur
1147 1874 1337 1908 tabelliones
1351 1884 1538 1907 caussarum
1555 1874 1698 1907 civilium
1716 1876 1953 1921 cuiuscumque
1964 1875 2014 1911 iu-

555 1928 635 1962 dicis
660 1928 884 1969 commissarii,
910 1928 974 1962 762
995 1929 1023 1961 b.
1047 1928 1167 1961 Eorum
1188 1928 1243 1971 qni
1264 1939 1281 1960 a
1302 1927 1432 1961 seeretis
1456 1933 1531 1961 sunt
1549 1927 1717 1972 privilegia
1742 1930 1978 1964 confirmantur
1998 1942 2016 1965 a

555 1982 610 2015 Pio
629 1981 664 2022 V,
698 1982 763 2015 914
782 1982 811 2015 b.
834 1982 953 2015 Eadem
973 1982 1041 2014 tolli
1064 1987 1243 2025 nequeunt,
1265 1980 1326 2014 nisi
1342 1981 1489 2014 restituta
1509 1981 1664 2025 pecunia,
1687 1993 1751 2027 qua
1779 1983 1897 2028 singuli
1922 1995 1938 2018 a
1964 1994 2016 2018 se-

556 2034 653 2068 cretis
672 2034 778 2067 officia
798 2034 912 2068 emisse
938 2034 1131 2075 constiterit,
1155 2035 1232 2067 ibid.

468 2087 602 2121 Romani
623 2095 654 2120 et
668 2087 794 2121 incolae
814 2087 908 2121 Urbis
927 2088 1068 2131 gaudent
1089 2087 1257 2131 privilegio
1278 2086 1394 2120 Curiae
1413 2087 1611 2131 Capitolinae
1633 2088 1731 2122 etiam
1753 2089 1785 2123 in
1807 2090 2014 2135 obligationi-

556 2142 617 2175 bus
637 2141 863 2182 cameralibus,
886 2141 940 2174 ubi
961 2142 1089 2174 auditor
1117 2141 1270 2174 Gamerae
1291 2151 1355 2173 non
1377 2141 1553 2185 praevenit,
1582 2142 1647 2175 134
1672 2154 1703 2176 a.
1726 2143 1897 2188 Derogatio
1917 2146 2018 2180 sacul-

557 2200 659 2229 tatum
687 2195 826 2228 aliorum
857 2194 1004 2228 iudicum
1025 2195 1056 2228 in
1085 2195 1174 2228 hisce
1192 2194 1324 2235 caussis,
1348 2195 1427 2228 ibid.
1451 2195 1479 2227 b.
1502 2194 1617 2229 Curiae
1637 2197 1685 2230 vel
1715 2198 1925 2240 gubernatori
1947 2200 2017 2234 chi-

558 2249 646 2292 rurgi
667 2248 811 2282 referunt
835 2249 984 2288 crimina,
1006 2249 1085 2281 ibid.
1111 2249 1140 2281 b.
1163 2248 1197 2280 In
1217 2249 1330 2282 eadem
1358 2249 1523 2282 nullitates
1552 2260 1617 2282 non
1638 2251 1860 2293 attenduntur,
1894 2259 1924 2287 et
1953 2264 2018 2288 ser-

556 2307 671 2335 vantur
688 2306 814 2334 tantum
829 2301 926 2335 feriae
947 2301 978 2333 in
994 2301 1135 2344 antiquis
1155 2301 1281 2334 statutis
1310 2301 1501 2345 descriptae,
1526 2302 1592 2336 ²135
1608 2314 1639 2336 α.
1663 2303 1888 2338 Assettamenti
1904 2311 2017 2340 votum

558 2355 687 2398 quando
703 2355 767 2398 peti
788 2355 899 2399 possit,
918 2355 998 2388 ibid.
1023 2355 1292 2387 Assettamentum
1313 2356 1478 2398 quomodo
1499 2356 1566 2396 fiat,
1589 2356 1698 2400 aliquo
1719 2368 1756 2391 ex
1778 2358 1941 2393 iudicibus
1960 2360 2017 2393 ab·

560 2413 660 2448 sente,
681 2408 811 2441 infirmo
830 2409 878 2441 vel
913 2414 1075 2448 recusato,
1106 2408 1184 2440 ibid.
1222 2407 1382 2441 Limitatio
1411 2408 1569 2453 privilegii
1603 2411 1663 2443 fori
1695 2411 1797 2445 tribus
1818 2411 1850 2444 in
1880 2413 2017 2454 casibus,

560 2460 624 2494 13ss
644 2473 674 2494 α.
711 2462 926 2495 Praescrvatio
948 2450 1179 2495 iurisdictionis
1199 2462 1437 2504 gubernatoris,
1456 2464 1534 2496 ibid.
1565 2464 1597 2496 V.
1622 2464 1774 2509 Populus.

473 2513 594 2547 Rosarii
613 2514 697 2558 (SS.)
715 2516 878 2559 cappellae
907 2517 945 2549 ab
975 2516 1102 2549 Ordinis
1122 2515 1383 2548 Praedicatorum
1410 2516 1562 2560 magistro
1582 2519 1726 2561 generali
1747 2520 1836 2563 etjab
1856 2530 1894 2553 eo
1915 2520 2017 2564 depu-

563 2567 633 2600 tatis
652 2568 748 2601 unice
762 2570 944 2612 eriguntur,
963 2569 1026 2603 759
1047 2581 1077 2602 α.
1100 2569 1224 2602 Rosarii
1240 2568 1324 2611 (SS.)
1345 2570 1529 2603 sodalitium
1549 2571 1767 2615 ingredientes
1787 2573 1866 2606 nihil
1882 2573 2016 2613 solvant,

563 2621 642 2654 ibid.
666 2622 695 2655 b.
728 2622 860 2656 SodaIes
880 2623 919 2657 ad
935 2624 1159 2667 processiones
1179 2625 1348 2666 accedant,
1371 2630 1400 2659 et
1421 2625 1461 2658 ad
1483 2630 1628 2659 mortuos
1657 2626 1859 2670 sepeliendos
1879 2625 2017 2670 insignia
